2177 2905
388 85 480 133 130
903 116 906 118 Α
934 70 1173 120 Academia
1203 71 1456 119 Brutorum.

180 177 212 226 f
322 172 540 222 domum
561 169 802 220 reducere
820 167 871 218 in
884 168 1044 219 Insula
1055 167 1205 217 Chiu.
1273 165 1409 215 Sileo
1422 162 1661 214 Psittacos
1682 163 1919 216 humanae
1936 169 2079 219 vocis

76 240 229 291 Nicol.
244 242 294 287 de
318 236 555 288 aemulos;
590 236 726 286 Picas
741 267 754 289 ,
775 233 838 283 de
857 231 1038 297 quibus
1059 229 1264 280 sufficiat
1285 228 1407 278 illud
1429 229 1625 278 Poetae:
1683 244 1716 292 g
2109 239 2114 246 ·

75 305 278 354 ,Nicolais
638 301 747 345 Pica
775 299 933 361 loquax
950 294 1066 343 certd
1089 296 1324 342 Dominum
1347 305 1391 338 te
1407 309 1510 338 voce
1522 293 1691 350 saluto:

74 368 107 416 l.
123 383 165 413 2.
187 384 262 414 na·
733 364 778 409 Si
800 378 866 408 me
890 376 970 407 non
988 359 1149 409 videas,
1166 355 1239 415 effe
1259 355 1430 415 negabis
1455 371 1596 402 avem.

74 434 167 491 vig.
191 434 276 478 ori·
315 429 471 475 MEL:
539 420 731 475 Frustra
767 424 939 488 fatigas
973 422 1232 486 ingenium
1255 452 1269 473 ,
1294 418 1328 467 fi
1355 415 1494 468 hisce
1526 420 1874 484 experimentis
1901 452 1914 475 ,
1942 420 2080 484 inge.

74 506 163 544 ent.
189 512 224 543 c.
243 497 286 545 8.
316 494 460 540 nium
480 491 639 540 Brutis
662 486 755 537 effe
779 486 1074 537 contendas.
1128 483 1354 537 Discunt,
1367 481 1448 531 sed
1472 494 1525 532 ut
1546 496 1767 532 amentes
1782 517 1796 537 ,
1818 483 1917 531 fine
1940 499 2080 532 men-

169 574 203 622 g
318 567 392 603 te:
431 565 727 619 operantur,
752 551 830 600 sed
857 550 994 601 velut
1013 547 1252 597 infantes,
1276 561 1384 594 non
1407 561 1464 594 ex
1485 548 1715 611 ingenio,
1736 547 1817 595 sed
1845 563 1904 595 ex
1925 545 2080 612 phan-

73 621 282 670 Marcial.
321 614 497 667 tastico
514 621 694 682 genio:
733 612 1130 680 apprehendunt,
1151 625 1260 659 non
1281 609 1553 665 dijudicant
1573 609 1881 659 doetrinam:
1905 622 2076 673 agunt,

70 685 292 747 inXenijs.
319 698 429 731 non
452 680 595 744 quod
616 679 789 732 sciunt,
811 677 892 727 sed
913 676 976 725 ad
996 674 1137 739 quod
1155 689 1240 738 per
1264 672 1602 737 phantasmata
1626 677 1808 738 poenis,
1829 668 2079 737 proemiis-

319 762 382 797 vc
410 743 662 810 impressa,
691 745 740 793 ὅ(
763 742 851 791 suo
877 755 1012 789 nunc
1035 737 1213 786 ordine
1234 738 1456 789 excitata,
1480 737 1891 785 determinantur.
1962 736 2079 798 Age

319 812 485 863 enim,
515 807 548 856 fi
577 809 738 856 Brutis
770 802 1020 862 ejusmodi
1052 797 1394 865 Magisterium
1423 798 1653 846 adstruis:
1708 815 1796 846 cur
1823 814 1978 860 equus
2014 799 2076 846 ad

315 887 590 923 numerum
610 870 778 920 saltare
799 867 1115 919 doCtusmon
1145 866 1297 911 etiam
1323 862 1560 908 hinnulos
1583 857 1803 909 instruit?
1839 863 2080 925 capacitas

316 939 466 1001 igitur
485 931 570 985 ista
589 949 697 983 non
710 935 869 996 arguit
888 928 1174 978 discursum,
1192 924 1274 972 scd
1293 925 1562 987 acquiritur
1588 926 1771 973 virtute
1792 927 2076 978 memoriae,

313 1016 404 1066 per
424 999 804 1048 connexionem
825 989 1224 1059 phantasmatum
1240 1022 1253 1038 ‚
1279 986 1732 1051 repraesentantium
1750 988 1971 1036 aditiones
1994 1003 2077 1036 va-

313 1068 434 1117 rias,
459 1063 551 1112 vel⁴
566 1073 818 1110 connexas
848 1071 966 1104 cum
999 1052 1204 1109 objecto
1235 1051 1486 1109 jucundo,
1511 1066 1618 1114 quo
1646 1053 1919 1101 invitantur
1943 1086 1956 1101 ‚
1994 1051 2074 1099 vel

312 1143 435 1177 cum
459 1121 815 1185 molesto,quo
834 1116 1217 1168 conturbantur.
1256 1114 1417 1178 Qod
1437 1117 1769 1164 animantium
1790 1115 1963 1177 aliquae
1983 1113 2076 1162 sint

321 1192 508 1239 caeteris
541 1188 839 1252 sagaciores,
880 1198 937 1230 ex
977 1179 1219 1228 nobiliori
1258 1183 1439 1228 virtute
1479 1175 1782 1243 phantastica
1813 1179 2082 1243 provenire

316 1251 633 1316 Philosophis
659 1245 727 1297 est
748 1241 1089 1296 manifestum.

447 1315 645 1367 LEUC:
717 1311 880 1376 Qod
915 1307 949 1357 si
980 1309 1107 1356 mira
1142 1304 1402 1371 disciplinae
1434 1307 1676 1370 capacitas
1700 1308 1750 1354 in
1773 1306 1934 1354 Brutis
1966 1320 2077 1353 non

317 1382 478 1447 arguit
512 1379 791 1429 rationem,
816 1384 989 1437 arguet
1020 1369 1225 1419 forsitan
1248 1369 1445 1422 Edrica,
1470 1369 1608 1426 cujus
1633 1370 1712 1418 vel
1734 1371 1785 1417 in
1814 1368 2076 1418 virtutibus

318 1447 617 1496 observatae,
640 1440 722 1490 vel
742 1441 794 1488 in
813 1437 937 1493 vitiis
963 1433 1198 1499 neglectae
1218 1434 1485 1498 specimina
1501 1466 1513 1485 ,
1538 1430 1678 1497 reque
1701 1448 1758 1482 ac
1783 1435 1834 1481 in
1857 1431 2078 1480 homini-

319 1509 412 1559 bus
426 1542 438 1561 ,
460 1505 633 1572 passim
656 1499 870 1552 historiae
894 1499 1134 1548 referunt.
1201 1495 1407 1556 Superbiae
1426 1496 1644 1562 cstypon
1659 1497 1762 1553 jure
1782 1495 1968 1544 dixiss’cs
1983 1496 2078 1544 Bu-

318 1571 587 1636 cephalum
601 1602 615 1622 ,
638 1568 724 1630 qui
743 1565 882 1629 regiis
902 1561 1124 1611 tumidus
1148 1559 1356 1624 phaleris
1378 1575 1488 1615 non
1509 1559 1595 1608 nili
1615 1559 1983 1613 Alexandrum,
2003 1557 2077 1607 his
2108 1556 2120 1566 ⁹

318 1635 552 1699 spoliatus
575 1631 805 1694 quemvis
828 1626 1088 1675 admiserat
1118 1621 1145 1671 ὲ
1167 1620 1361 1671 stabulo
1392 1623 1648 1670 calonem.
1746 1624 1888 1670 Pavo
1915 1623 2075 1686 super-

317 1698 411 1750 biae
445 1694 734 1762 symbolum
759 1723 773 1745 ,
806 1703 934 1754 pene
963 1685 1162 1735 exhibet
1188 1686 1400 1734 Coelum
1424 1717 1438 1738 ,
1462 1686 1586 1732 dum
1615 1683 1662 1732 se
1687 1685 1879 1733 evolvit
1905 1687 1958 1733 in
1989 1700 2074 1749 gy·

318 1778 435 1812 rum
449 1794 463 1815 ,
483 1775 576 1810 nec
599 1756 699 1806 fine
722 1766 926 1803 tumore
940 1784 954 1806 ,
974 1750 1175 1798 oculata
1194 1748 1362 1797 caudae
1383 1743 1636 1796 ostentans
1658 1748 1894 1811 syrmata,
1921 1750 2074 1797 etiam

316 1825 503 1876 Itidem
533 1828 887 1870 contemneret
909 1847 921 1868 ,
951 1812 1036 1862 nisi
1064 1812 1214 1877 pedes
1245 1811 1581 1875 deprimerent
1607 1823 1885 1871 tumorem.
1962 1812 2073 1862 Leo

317 1903 528 1953 quoque
559 1880 742 1933 fastum
777 1873 973 1944 egregie
1004 1874 1318 1940 prodit,dum
1351 1869 1580 1921 hesterna
1611 1873 1658 1920 se
1685 1872 1732 1920 se
1762 1870 1926 1936 praeda
1966 1874 2075 1923 refi-

75 1987 119 2037 ι
165 1998 224 2033 10
317 1968 458 2006 cere,
484 1945 739 2058 regiaecjffi1
760 1939 1028 2055 ilMaielltatis
1046 1942 1097 1988 in
1112 1938 1198 2050 gia
1229 1938 1476 2010 comitem
1506 1935 1693 2048 Ῑῦῗβεῑε
1719 1935 1959 1987 solitarius
1991 1938 2076 1987 de-

127 2022 138 2034 ·
229 2022 241 2034 ·
357 2018 403 2054 ‘o
540 2030 565 2061 -2
743 2011 757 2056 i
779 2022 900 2055 ome
923 2020 1006 2053 am
1026 2019 1108 2052 am
1147 2014 1314 2050 monis
1336 2012 1494 2047 ar0u1t
1570 2001 1695 2047 inius
1742 2015 1861 2047 nam

73 2064 208 2110 c.29.
317 2017 557 2131 ῗέξὲἃῒῑὲι,
586 2073 789 2136 inquit,
821 2068 1091 2135 palamque
1130 2061 1200 2112 est
1228 2037 1451 2113 aniniot'sa
1476 2032 1766 2110 contentio:
1803 2013 2077 2117 vigaerffipip

319 2154 490 2193 morte
522 2155 630 2188 non
661 2131 775 2185 raro
805 2135 960 2183 vitam
985 2164 998 2184 ,
1028 2130 1192 2193 spiritu
1219 2126 1352 2193 prius
1388 2124 1653 2174 deficiente
1675 2158 1689 2178 ,
1715 2125 1870 2188 quam
1902 2141 2070 2180 cantu,

319 2205 559 2256 Vindiffam
588 2197 786 2264 sumpsit
813 2194 1021 2260 Elephas
1045 2193 1151 2245 ille,
1177 2195 1261 2254 qui
1284 2190 1312 2240 a
1335 2190 1547 2264 parvulo
1568 2185 1702 2238 forte
1730 2190 1893 2253 lapide
1914 2194 2073 2257 impe.

317 2271 453 2321 titus,
479 2259 774 2315 dissimulata
798 2275 903 2309 non
931 2257 1051 2306 nihil
1072 2253 1263 2312 injuria,
1286 2254 1428 2304 brevi
1451 2269 1507 2301 ex
1525 2253 1802 2316 improviso
1822 2253 2072 2306 sublatum

68 2341 184 2404 Lipfi
212 2353 276 2403 ep,
319 2328 620 2399 proboscide
638 2325 873 2390 lapidem,
895 2321 957 2371 fic
971 2323 1021 2370 in
1041 2321 1179 2385 pueri
1194 2319 1420 2366 frontem
1440 2315 1584 2369 illisit,
1599 2328 1651 2364 ut
1672 2311 1698 2364 ὲ
1721 2313 1929 2380 vestigio
1949 2335 2072 2369 con-

71 2412 126 2456 ad
141 2408 292 2466 Belga
319 2395 493 2447 ciderit
520 2403 766 2440 mortuus.
852 2387 932 2435 De
953 2383 1156 2433 canibus
1178 2381 1438 2431 memoriae
1459 2379 1717 2444 proditur,
1735 2378 1903 2442 quod,
1927 2397 2069 2432 com.

69 2482 182 2520 cent.
200 2484 239 2518 1.
318 2457 465 2510 miffo
494 2455 556 2504 ad
582 2450 987 2502 Thessalonicam
1020 2458 1232 2497 cruento
1262 2444 1457 2508 praelio,
1489 2440 1626 2491 tanta
1649 2442 1784 2491 rabie
1812 2445 1863 2492 in
1897 2443 2067 2497 hostes

68 2547 226 2597 ῬΑ-4·
317 2525 527 2581 Latinos
549 2517 642 2570 smt
671 2513 980 2568 debacchati,
1000 2523 1056 2562 ut
1088 2512 1241 2561 etiam
1264 2505 1530 2574 sepulchris
1557 2506 1795 2558 conditos
1811 2511 2063 2622 ἧιιεᾶἱῑρς,

1899 2587 1934 2623 0
1987 2586 2000 2627 Ι
