2182 2916
95 188 266 245 Muret.

94 264 170 309 Or:
189 274 206 306 1
216 272 261 306 0.

89 523 181 571 Cor.

85 1161 136 1205 de
156 1159 271 1205 hom.

85 1240 122 1270 c.
145 1223 189 1269 6.
210 1234 279 1267 a.1
293 1256 303 1268 .

84 1285 253 1332 Plin.l.

87 1360 300 1408 Ibe-37·

86 1869 201 1919 emb.
212 1884 230 1917 1
243 1882 302 1930 27

84 1936 265 1983 scarlat.

79 2131 122 2175 S.
145 2128 253 2174 Gal-

82 2191 179 2250 lenfi

852 5 878 36 Ω

405 85 466 148 78
993 76 1164 147 Coloffiu·
1195 80 1414 147 Mysticuo‘.

340 177 707 248 repraesentant.
794 178 925 232 Illud
946 196 1055 231 non
1081 181 1430 232 omittendum
1453 213 1467 238 ‚
1504 180 1641 241 cujus
1662 180 1898 232 meminit
1915 178 2114 248 insignis

341 249 634 296 Orator-:ex
655 245 1127 312 Avern0‚mephiti
1150 247 1468 311 Campaniae,
1505 258 1612 295 tam
1643 246 1871 311 putridos
1906 249 2115 297 eructari

339 309 544 363 halitus,
581 322 637 359 ut
664 305 934 374 derepente
954 309 1187 360 volucres
1217 321 1392 358 enecet
1412 342 1425 364 ‚
1465 312 1616 359 etiam
1638 310 1974 359 solummodo
1995 326 2113 376 prae-

338 375 642 423 tervolantes
672 391 682 420 :
719 374 873 423 talem
894 373 1132 423 Auernus
1152 389 1164 425 3
1188 375 1238 423 &
1267 372 1501 436 qualern,
1522 386 1662 439 putas
1679 375 1952 429 ,foetorem
1973 375 2112 424 dabit

339 437 565 486 infernus
587 439 603 485 ἒ

494 502 691 552 LEUC:
728 501 898 549 Faxint
919 499 1094 563 Superi
1114 533 1126 554 ‚
1140 514 1205 548 ne
1227 499 1526 564 Sophorum
1546 500 1672 549 ullus
1689 501 1979 566 experiatur.
2015 500 2116 550 Sed

335 567 687 614 anatomicum
712 561 952 613 discursus
973 565 1118 613 filum
1147 578 1210 611 ne
1248 565 1578 629 interrumpas
1609 582 1620 611 ;
1659 566 1767 627 quis
1798 563 2112 630 Philosopho

341 629 500 678 sensus
524 628 587 676 de
606 627 783 678 Corde
807 660 820 682 ‚
841 629 1068 692 corporis
1093 638 1230 692 parte
1259 629 1504 692 praecipua
1532 630 1547 676 ἒ
1615 630 1771 674 Me'L:
1810 628 1921 678 Cor
1950 663 1962 679 ,
1999 628 2112 677 Au.-

339 692 490 741 thore
512 691 825 756 Philosopho
845 726 857 742 ‚
887 695 1081 752 primum
1099 690 1153 744 est
1175 693 1219 736 in
1230 694 1434 742 vivente,
1459 693 1660 738 ultimum
1672 695 1716 736 in
1738 693 1969 738 moriente.-
1989 690 2108 740 hinc

336 754 524 805 merito
555 756 831 820 appellatur
867 752 1172 803 nobilissima
1194 756 1372 803 animae
1404 753 1538 803 sedes
1559 788 1572 808 ‚
1610 755 1932 804 domicilium
1962 756 2074 804 vitae
2095 787 2110 810 ‚

335 820 454 868 fons
483 819 753 886 fanguinis,
791 833 899 881 quo
921 817 1186 867 deficiente
1208 851 1221 872 ‚
1259 831 1418 883 partes
1445 830 1630 868 caeterae
1654 818 1892 866 deficiunt
1913 821 1963 868 ὃ(
2000 834 2108 866 exa—

336 883 547 932 rescunt.
618 883 788 947 Euripi
810 883 1050 931 miracula
1074 884 1305 930 continet
1326 894 1498 930 motus
1517 879 1705 930 fistoles
1722 916 1733 935 ‚
1749 895 1899 943 atque
1929 877 2113 930 diasto-

336 947 435 1001 les,
459 963 547 1013 per
570 962 692 1011 quas
717 979 731 1001 ‚
768 947 904 996 vivas
934 946 1089 995 veluti
1110 959 1296 994 naturae
1325 946 1526 998 audias,
1563 941 1589 993 ὲ
1620 943 2005 1009 perennieordis
2017 943 2113 993 sca-

336 1012 550 1076 turigine
583 1044 596 1065 ,
632 1010 823 1074 sanguis
852 1010 1064 1074 agitatur
1083 1012 1134 1058 in
1153 1009 1413 1058 circulum.
1453 1010 1786 1073 Ampliorem
1817 1007 2110 1057 cadisana-

336 1078 557 1123 tomiam
576 1074 611 1122 s1
633 1075 770 1138 cupis
787 1106 800 1127 ‚
828 1074 1003 1122 Momi
1025 1070 1296 1122 fenestram
1317 1073 1379 1121 ab
1406 1070 1719 1122 Animastica
1755 1084 1889 1137 peta>
1918 1105 1925 1125 2.
1958 1087 2112 1136 opor-

338 1151 423 1186 tet.
494 1140 622 1206 Quae
649 1136 841 1186 curiosa
864 1134 1023 1200 magis
1046 1170 1058 1190 ,
1095 1136 1386 1185 succinctius
1419 1137 1711 1201 prosequor.
1769 1138 1987 1184 Marem
2006 1135 2114 1184 vul-

337 1218 456 1251 nere
480 1204 530 1250 in
551 1217 643 1250 cor
666 1213 877 1265 accepto
902 1233 914 1253 ‚
953 1200 1126 1248 diebus
1149 1200 1389 1248 undecim
1408 1202 1562 1249 vitam
1585 1199 1863 1263 produxisse.
1890 1201 2110 1263 jouy-‘io-

337 1282 431 1315 nus
464 1262 532 1314 est
563 1264 763 1314 author.
840 1264 891 1312 Si
922 1263 1086 1312 Plinio
1119 1261 1268 1313 fides,
1313 1279 1404 1311 cor
1435 1265 1632 1311 extincti
1658 1263 1720 1311 ab
1748 1264 1981 1315 acorum,
2008 1279 2107 1309 (τεἶ

336 1332 462 1379 mari
485 1331 691 1392 nequit:
729 1327 794 1376 fic
823 1341 914 1375 cor
933 1327 1177 1376 Germani
1202 1327 1680 1383 Caesaris,medijsin
1696 1326 1910 1374 flammis
1936 1359 1949 1380 ‚
1981 1326 2111 1374 Sala·

335 1393 558 1443 mandrae
581 1388 754 1446 instar,
778 1389 957 1438 mansit
981 1390 1184 1438 illaesum
1206 1407 1216 1437 :
1253 1402 1453 1438 tantum
1475 1390 1626 1454 frigus
1658 1387 1727 1438 est
1740 1392 1912 1438 toxico
1936 1422 1949 1442 ‚
1989 1402 2040 1435 ut
2062 1404 2110 1437 e-

333 1460 456 1507 tiam
476 1458 772 1507 Vulcanum
796 1454 1008 1503 domare
1021 1451 1168 1518 polilt
1182 1486 1195 1507 ‚
1220 1452 1524 1502 domantem
1544 1456 1735 1502 onmia.
1805 1453 1971 1501 Leoni
1986 1485 1998 1504 ‚
2015 1453 2109 1500 Bu-

332 1522 548 1587 cephalo
568 1555 579 1574 ‚
617 1518 797 1583 quibus
818 1519 1014 1565 animus
1044 1517 1238 1572 major,
1275 1532 1367 1564 cor
1390 1518 1554 1564 minus
1583 1516 1719 1564 dedit
1740 1530 1911 1564 natura
1937 1534 1950 1560 .·
1987 1517 2108 1564 Cer-

332 1602 404 1635 vo
427 1588 476 1636 &
499 1585 662 1649 lepori
681 1582 840 1640 majus
860 1580 997 1629 dedit
1015 1613 1028 1633 ,
1066 1581 1182 1642 quia
1209 1582 1381 1628 minor
1406 1577 1474 1628 est
1489 1581 1709 1628 animus:
1740 1579 1857 1626 hinc
1879 1579 2112 1628 interho-

332 1652 494 1698 mines
516 1661 750 1711 quoque,
782 1644 993 1693 audaces
1015 1645 1065 1692 in
1084 1659 1244 1715 parvo
1259 1643 1464 1707 pectore
1492 1643 1701 1708 grandes
1727 1643 1864 1691 alunt
1878 1643 2105 1691 Leones:

333 1713 501 1762 timidi
530 1714 582 1759 in
603 1724 794 1775 magno
820 1708 977 1756 corde
1001 1707 1201 1772 pusillos
1224 1707 1419 1770 lepores
1435 1739 1447 1760 ‚
1485 1711 1534 1757 ὅ(
1555 1707 1793 1770 fugitivos
1818 1720 1997 1754 cervos
2016 1707 2105 1754 cir-

331 1776 638 1825 cumferunt.
710 1775 768 1821 In
788 1770 945 1820 corde
970 1767 1309 1821 Aristomenis
1331 1803 1344 1825 ,
1381 1772 1472 1820 viri
1506 1786 1771 1818 armorum
1800 1765 1960 1833 gloria
1984 1769 2109 1818 cele-

331 1841 429 1889 bris
455 1873 467 1894 ,
505 1839 732 1904 apparuit
754 1835 882 1884 hirta
905 1834 1128 1899 pilorum
1161 1834 1293 1898 seges
1318 1867 1331 1888 ‚
1369 1833 1440 1882 ob
1469 1835 1687 1882 nimium
1726 1866 1738 1885 ‚
1775 1849 1890 1881 reor
1926 1866 1939 1886 ,
1975 1833 2111 1882 calo-

332 1919 443 1953 rem
463 1936 475 1956 ,
512 1902 655 1965 quod
676 1900 882 1949 Alciato
913 1898 1054 1946 fortis
1077 1898 1232 1945 animi
1261 1897 1584 1961 Symbolum.
1687 1898 1878 1946 Mauris
1901 1895 2107 1945 inhaeret

332 1967 606 2032 persuasio,
639 1963 963 2029 elephantem
990 1961 1175 2024 duplici
1201 1961 1484 2010 formatum
1518 1961 1708 2009 corde:
1747 1975 1972 2022 quorum
1995 1974 2105 2009 uno

333 2033 529 2081 furores
550 2040 740 2090 coquat
760 2026 822 2075 ad
850 2025 1004 2079 bella,
1029 2027 1188 2073 altero
1212 2036 1378 2073 utatur
1399 2024 1461 2072 ad
1474 2039 1669 2087 pacem.
1723 2022 1853 2071 lllud
1876 2024 2004 2070 inter
2022 2039 2106 2072 na-

332 2108 452 2144 turae
475 2091 715 2143 miracula
733 2104 968 2138 numeres
993 2122 1004 2141 ,
1043 2088 1187 2151 quod
1225 2088 1288 2136 de
1313 2087 1492 2136 arbore
1517 2086 1798 2136 Malabares
1830 2081 2068 2135 testantur
2091 2103 2101 2134 :

332 2157 451 2209 huic
478 2153 857 2223 pulchritudinis
881 2152 1028 2200 laude
1054 2185 1066 2205 ‚
1102 2150 1292 2201 florum
1320 2148 1466 2216 copia
1487 2184 1499 2205 ,
1537 2153 1585 2200 <Sc
1617 2149 1790 2198 odoris
1829 2146 2104 2214 praestantiii

334 2222 532 2271 laurum
558 2218 692 2268 cedit
711 2218 791 2267 vel
814 2216 911 2281 ipsa
925 2217 1117 2264 Laurus
1139 2215 1335 2267 5forma
1355 2214 1548 2263 seminis
1578 2212 1727 2261 refert
1757 2212 1971 2278 figuram
1993 2228 2105 2261 cor-

335 2285 405 2333 dis
431 2318 443 2338 ,
482 2287 529 2333 &
562 2278 745 2331 merito
770 2314 781 2334 ,
819 2295 939 2328 nam
973 2276 1042 2327 cst
1070 2275 1517 2343 praesstantiffimum
1551 2276 1717 2325 cordis
1746 2275 2104 2341 alexipharma-

333 2364 469 2396 cum.
540 2348 685 2395 Hanc
708 2344 971 2397 arborem,
994 2354 1105 2392 utut
1139 2337 1442 2406 pervenusto
1479 2340 1605 2388 flore
1639 2340 1889 2391 visendam
1912 2373 1925 2393 ,
1960 2341 2102 2388 inco-

334 2413 389 2461 1ae
403 2407 628 2474 Cupreffi
651 2409 800 2456 titulo
822 2440 833 2460 ‚
858 2406 1018 2458 tristem
1039 2406 1316 2470 appellant,
1352 2419 1471 2452 nam
1497 2403 1647 2452 noCte
1665 2403 1813 2451 floret
1833 2401 2099 2467 pulcherri-

332 2490 419 2524 ma
434 2506 446 2525 ,
470 2472 591 2521 cum
615 2469 838 2536 primum
857 2469 969 2522 solis
989 2470 1132 2521 radio
1153 2469 1386 2531 tangitur,
1416 2468 1610 2531 angitur
1625 2500 1639 2523 ,
1676 2462 1913 2530 caditque
1935 2462 2103 2519 tristis,

336 2531 646 2601 marcetque.

1831 2590 2030 2653 LEUC:
