2222 2905
439 100 498 147 50
1004 85 1205 134 flamma
1236 83 1505 132 Promethei.

370 183 478 237 ri0‚
502 177 732 229 stabiliter
757 176 940 230 haesura
961 211 976 233 ‚
1011 178 1168 244 usque
1197 176 1324 227 dum
1356 176 1419 229 ab
1450 175 1622 237 iisdem
1649 173 1894 246 spiritibus
1913 210 1929 231 ‚
1963 172 2138 229 aliisve

375 244 526 295 causis
549 278 563 298 ‚
597 246 650 292 in
671 243 845 293 debito
870 243 1050 292 ordine
1079 243 1372 291 excitentur.
1449 242 1571 291 Haec
1591 242 1660 295 iili
1683 275 1698 298 ‚
1733 243 1814 293 vel
1838 241 1957 291 ideo
1976 242 2139 300 beati,

374 311 492 372 quia
511 306 739 357 medium
752 304 1245 369 tenenncunstcique
1266 301 1412 354 facile
1441 318 1497 354 ex
1536 306 1780 356 erimcnta
1807 305 2100 356 dilucidant.

533 371 732 422 LEUC:
771 372 962 421 Orexin
984 368 1176 419 curioso
1210 382 1391 418 moves
1412 366 1503 418 Phi
1524 367 1758 434 osopho:
1795 382 2031 434 appetens
2063 385 2146 435 ap-

374 447 496 500 peto
518 433 658 488 scire,
681 449 790 496 quae
813 435 962 482 toties
982 428 1160 481 frustra
1179 432 1230 479 in
1255 445 1339 480 me
1362 433 1606 496 experior.
1675 430 1867 486 Patere,
1888 433 2145 498 scrupulos

374 499 463 546 tibi
486 513 629 546 meos
652 499 873 561 aperiam
899 514 908 545 :
946 510 1076 559 quos
1100 493 1200 544 sine
1221 495 1363 553 jovis
1387 494 1648 560 Olympici
1682 495 1926 561 dyphtera
1952 496 2144 550 solves,

376 574 528 624 atquc
547 559 788 610 absolves.
856 561 918 610 Et
937 559 1181 622 imprimis
1203 557 1410 621 quidem
1425 588 1439 612 ‚
1460 557 1582 621 quid
1601 561 1753 608 causae
1777 555 1964 614 subest,
1998 556 2148 623 quod

373 639 515 674 nunc
538 620 625 672 ista
647 656 660 678 ‚
695 639 833 672 nunc
862 624 944 671 illa
972 625 1023 670 iu
1048 623 1359 670 memoriam
1389 623 1630 672 veniant?
1663 619 1807 685 quod
1837 622 1985 687 stirpe,
2005 622 2147 679 cujus

377 688 536 741 nolo,
566 686 657 735 lim
684 702 916 741 memor⁷
941 686 1076 737 euius
1105 686 1233 735 volo
1257 720 1268 735 ,
1307 684 1399 733 fim
1432 686 1751 734 immemor?
1818 686 1980 735 MEL:
2019 686 2147 735 Ani-

378 767 527 800 mum
556 750 757 800 adverte
780 784 794 804 ⁷
831 753 880 801 a&
907 749 1200 799 evauesccnt
1227 782 1239 801 ,
1275 747 1309 796 si
1329 763 1439 811 quae
1464 749 1573 797 sunt
1592 748 1736 805 hujus
1751 748 1885 806 dubii
1909 750 2146 799 tenebrat.

377 816 591 865 Plenam
615 816 877 863 memoriae
899 812 1288 863 indifferentiam}
1312 812 1647 861 determinant
1669 813 1796 862 Ideae
1819 845 1832 867 ‚
1867 828 1989 876 quas
2017 814 2149 861 Peri-

377 891 521 944 patus
540 880 776 927 nominat
798 911 811 929 .
846 876 1234 926 intentionalcs:
1270 875 1344 925 his
1369 877 1568 930 anima,
1604 875 1758 925 veluti
1786 872 2146 933 instrumentis,

379 942 546 1000 adjuta
568 975 583 996 ,
628 942 957 991 reminiscitur
987 939 1264 991 Alcibiadis
1288 938 1456 1005 potius
1485 972 1499 994 ‚
1534 937 1692 1003 quarn
1719 940 1970 989 Timonis.
2073 940 2149 990 At

379 1007 490 1068 quis
517 1003 605 1054 has
625 1005 805 1070 species
827 1005 1039 1053 excitat?
1075 1005 1127 1052 in
1148 1015 1393 1069 promptu
1413 1003 1554 1052 causa
1586 1019 1596 1049 ς
1639 1002 1986 1052 Phantasmata
2009 1039 2025 1054 ,
2059 1019 2149 1069 per

378 1069 661 1118 materiales
682 1068 869 1133 signata
892 1069 1132 1131 imagines
1153 1100 1166 1120 2
1187 1066 1213 1116 a
1239 1066 1419 1130 quibus
1434 1100 1447 1120 ‚
1470 1066 1715 1128 quamdiu
1736 1068 1787 1114 in
1806 1082 2025 1131 corpore
2048 1070 2150 1117 ani-

378 1148 523 1181 mam
551 1132 954 1181 circumferimus
992 1131 1242 1195 hospitem
1266 1164 1280 1184 ‚
1326 1129 1396 1178 ob
1436 1131 1736 1178 relationem
1776 1129 2101 1195 svmpaticam
2133 1165 2150 1186 ,

378 1195 644 1262 spirituales
666 1197 758 1244 illae
780 1195 1092 1260 dependent,
1121 1197 1170 1245 ὃς
1194 1196 1483 1242 excitantur.
1552 1193 1750 1242 Verum
1769 1190 2024 1242 instantius
2042 1210 2151 1259 pre-

380 1262 478 1308 mis
504 1278 514 1307 z
553 1275 661 1323 quae
683 1259 825 1308 causa
846 1258 939 1308 iuis
960 1255 987 1308 ὲ
1013 1257 1209 1307 latebris
1244 1256 1506 1306 simulacra
1531 1253 1835 1322 phantastica
1862 1270 2110 1322 provocat
2131 1261 2152 1311 ἶ

383 1320 649 1373 enimvero
671 1339 782 1371 non
804 1339 937 1372 una:
975 1322 1138 1386 plures
1158 1320 1244 1370 fibi
1275 1318 1379 1369 hoc
1408 1322 1677 1385 negotium
1699 1321 1986 1370 vendicant.
2055 1322 2151 1370 Sae-

381 1402 446 1452 pe
472 1385 729 1436 affluentes
749 1387 1009 1435 turmatim
1030 1384 1245 1449 spiritus,
1275 1381 1532 1433 stertentes
1570 1386 1620 1431 in
1653 1384 1906 1433 cerebello
1935 1385 2117 1449 species
2135 1418 2153 1442 ‚

381 1453 632 1500 animant:
670 1449 787 1498 hinc
806 1446 1070 1513 instigante
1099 1445 1274 1497 natura
1305 1481 1319 1501 ‚
1355 1447 1636 1496 confricare
1658 1450 1864 1511 occiput
1892 1448 2114 1497 solemus
2135 1483 2152 1505 ,

384 1527 440 1564 ut
457 1514 707 1579 segniores
735 1514 925 1578 spiritus
951 1509 1264 1561 stimulemus
1288 1545 1302 1565 ,
1336 1527 1424 1575 per
1447 1511 1635 1575 spiritus
1664 1510 1857 1575 species.
1928 1513 2154 1561 Plemm-

385 1593 486 1642 que
507 1579 646 1626 calor
665 1573 952 1626 constristas
972 1577 1159 1640 frigore
1181 1575 1408 1625 resolvit:
1446 1574 1564 1622 hinc
1594 1573 1742 1622 febris
1764 1574 1944 1623 ardore
1975 1576 2152 1632 laxati,

386 1642 634 1690 ebulliunt
652 1642 840 1707 spiritus
863 1672 875 1695 ‚
912 1653 1064 1703 atque
1090 1639 1154 1689 fic
1187 1655 1273 1705 per
1308 1637 1496 1687 diversa
1531 1637 1870 1702 phantasmata
1893 1672 1906 1694 ,
1942 1640 2153 1690 turbatae

385 1706 569 1771 pariter
592 1704 800 1769 specim,
835 1707 888 1753 in
907 1704 1118 1753 cerebro
1138 1703 1523 1752 tumultuantur.
1593 1703 1724 1750 Non
1751 1699 1867 1751 raro
1897 1701 1981 1751 hic
2007 1703 2156 1753 suum

387 1781 583 1817 exercet
604 1770 876 1833 imperium
894 1768 1129 1818 voluntas
1155 1786 1166 1815 ;
1202 1782 1324 1815 nam
1347 1767 1464 1829 quia
1485 1761 1649 1814 sensus
1680 1767 1857 1814 interni
1879 1763 1947 1814 est
1967 1767 2154 1816 Domi·

387 1848 452 1881 na
476 1866 489 1886 ,
525 1848 663 1881 nunc
685 1832 804 1882 huic
827 1866 841 1885 ‚
877 1847 1013 1880 nunc
1048 1832 1117 1879 illi
1151 1830 1354 1887 objcero
1400 1828 1612 1894 applicat
1642 1828 1952 1893 phantafiam
1985 1848 1995 1877 :
2032 1830 2153 1879 hinc

387 1898 518 1945 circa
539 1911 648 1959 quae
681 1896 947 1949 volumus,
969 1897 1121 1944 etiam
1152 1891 1416 1959 expressius
1444 1891 1711 1941 versamur.
1789 1893 1946 1942 Subin
1974 1894 2153 1945 DEUS

386 1959 474 2010 has
494 1961 592 2025 ipse
621 1972 799 2008 motor
822 1961 1064 2037 imagines
1085 1959 1296 2008 suscitat:
1334 1956 1475 2005 subin
1495 1955 1680 2018 Angeli
1701 1953 1964 2004 assistentes
1986 1990 1999 2012 ‚
2033 1957 2156 2007 hinc

385 2023 731 2088 inspirationes
752 2022 901 2072 bonae
924 2040 952 2072 a
971 2023 1117 2071 bonis
1135 2055 1148 2078 ,
1185 2017 1517 2086 suggestiones
1542 2018 1684 2066 malae
1715 2018 1743 2068 a
1768 2019 1926 2067 malis,
1996 2022 2156 2071 Nunc

386 2085 570 2151 species
593 2099 766 2141 mota,
790 2098 970 2137 movet
989 2101 1199 2150 quoque
1217 2085 1422 2134 affinem
1445 2116 1459 2138 ‚
1494 2097 1630 2131 nunc
1657 2093 1845 2131 mutuo
1864 2082 2060 2132 foedere
2088 2084 2157 2134 se-

381 2150 433 2200 se
452 2151 656 2200 trahunt
676 2184 689 2205 ‚
724 2150 899 2199 indole
921 2153 971 2200 &
997 2147 1175 2199 natura
1196 2147 1495 2198 consimiles.
1595 2146 1833 2208 Denique
1863 2145 1966 2195 hoc
1988 2149 2041 2196 in
2069 2163 2158 2197 ne-

380 2216 534 2280 gotio
557 2214 832 2280 plurimum
854 2213 943 2263 fibi
965 2212 1151 2262 facessit
1174 2212 1360 2277 negotii
1386 2209 1568 2259 mentis
1601 2206 1828 2258 affectio:
1866 2207 2050 2260 affidue
2081 2212 2156 2261 lu-

386 2277 463 2328 dit
491 2295 612 2328 cum
632 2278 814 2343 eitypis
836 2310 848 2332 ‚
869 2292 1096 2341 quorum
1118 2277 1295 2325 adorat
1313 2273 1580 2338 archetypa
1604 2289 1614 2319 ε
1652 2288 1838 2337 nempe
1854 2307 1866 2327 ‚
1887 2275 2031 2337 quod
2042 2278 2153 2339 quis

388 2355 529 2391 amat
549 2375 563 2395 ‚
597 2341 702 2390 hoc
723 2343 914 2405 cogitat
936 2374 949 2396 ‚
983 2357 1079 2390 nec
1099 2340 1222 2389 ficut
1244 2339 1306 2388 ab
1325 2337 1485 2403 oculis
1508 2369 1523 2392 ,
1557 2338 1625 2384 ita
1654 2337 1843 2386 recedit
1879 2336 1908 2387 a
1942 2351 2116 2389 mente
2136 2371 2154 2394 ‚

388 2405 536 2469 quod
557 2404 708 2454 semel
726 2400 930 2469 pelsime
958 2404 1212 2454 fascinavit
1229 2414 1474 2452 mentem.

549 2469 748 2520 LEUC:
786 2469 1023 2517 Occurrit
1045 2502 1059 2524 ,
1095 2465 1240 2532 quod
1263 2463 1597 2529 Philosophus
1626 2478 1788 2531 nuper
1807 2498 1821 2521 ‚
1857 2461 2152 2515 calamistra-

393 2544 450 2587 to
471 2531 675 2588 cuidam
695 2532 870 2586 Matris
890 2531 1054 2587 Idaliae
1073 2530 1326 2586 columbo
1346 2547 1359 2583 z
1391 2530 1446 2584 in
1465 2529 1690 2594 querelas
1710 2529 1793 2583 hic
1822 2527 1998 2580 effusus
2013 2563 2027 2583 ,
2050 2533 2153 2602 ani-

2015 2608 2090 2647 1112
