2177 2905
428 88 489 150 96
1055 84 1176 137 &mcc
1202 84 1507 150 Phaofhpbicae.

367 179 484 230 thos
516 173 796 228 ministrant
814 175 967 242 Stygii
996 177 1334 228 Ganimedes:
1389 176 1475 226 sub
1497 173 1706 242 dapibus
1737 187 1952 240 gemunt
1983 190 2127 227 men-

364 244 421 294 sae
437 276 450 296 ‚
493 255 615 304 quas
639 241 759 305 saepe
789 240 972 306 sapidas
994 273 1008 294 ‚
1044 241 1164 306 saepe
1204 240 1433 306 insipidas
1470 254 1752 288 corvorum
1790 238 2022 303 cupedias
2042 273 2057 294 ‚
2095 236 2127 290 ὲ
2171 278 2173 282 ⁴

366 309 597 371 Megaerae
639 306 804 353 culina
830 337 844 358 ‚
886 303 1138 366 fuliginofi
1177 303 1391 352 afferunt
1430 301 1622 368 Ephebi
1650 321 1667 348 ..-
1736 300 1982 366 sympofia
2019 303 2129 351 nul-

363 371 420 419 lo
456 369 764 418 condiuntur
801 367 928 421 sale,
995 367 1085 416 nisi
1120 383 1275 430 quern
1302 365 1596 415 foetentibus
1633 381 1692 414 ex
1726 365 1905 428 stagnis
1937 365 2126 415 crustat
2164 373 2168 381 '

366 432 564 498 Cyprus
591 448 600 478 :
647 430 831 495 pathici
856 444 1136 480 vomuntur
1157 431 1286 484 joci,
1328 432 1384 479 ὅ(
1417 444 1474 476 ex
1502 444 1591 477 ore
1618 430 1766 479 illoto
1798 429 1995 491 spumat
2027 428 2129 478 sali-

366 513 430 546 va
453 494 649 560 putrida
674 512 689 541 -:
758 493 922 545 ructus
947 494 1168 543 Venerei
1196 493 1466 541 audiuntur
1496 506 1614 541 cum
1633 493 1726 542 risu
1749 527 1761 546 ‚
1799 491 1979 542 Paridis
2019 492 2127 542 lites

367 566 632 609 cantantur
659 573 780 608 cum
814 556 972 614 jubilo
990 574 1005 604 t
1073 559 1124 606 ὅ(
1143 571 1207 603 ne
1234 556 1355 618 quid
1400 553 1522 604 desit
1545 556 1821 621 impietati,
1880 555 2127 617 saginatos

368 635 566 673 ventres
595 620 658 669 ad
686 620 900 685 tripudia
921 621 1089 670 levant
1109 617 1336 679 leviffimi
1364 618 1578 681 hospites
1600 637 1615 667 z
1682 635 1890 669 raucam
1910 616 2128 668 fistulam

368 687 494 735 dum
521 701 578 732 ex
599 683 750 733 bifida
769 682 950 745 arbore
971 683 1151 752 pilosus
1172 684 1361 731 animat
1378 684 1604 743 Satyrus,
1637 682 1892 732 ducuntur
1911 682 2126 736 choreae,

368 764 585 812 quarum
608 746 882 812 peripheria
901 742 1099 800 stultitia
1113 778 1126 798 ,
1162 757 1393 803 centrum
1415 744 1484 794 est
1504 745 1710 794 daernon
1733 763 1749 798 5
1784 747 1955 795 larvati
1970 745 2130 794 Ama-

368 815 416 869 fij
440 816 491 860 in
511 813 702 859 circum
726 809 930 858 trahunt
948 808 1199 864 Amassas,
1234 808 1445 856 saltitant
1466 809 1617 861 hirci,
1652 805 1906 871 strepitant
1919 809 2129 872 Caprae,

367 882 418 928 ὃς
437 889 493 925 ut
510 870 806 939 praepostera
826 884 1034 935 agantur
1046 867 1340 935 praepostere
1354 902 1368 924 ‚
1388 885 1524 918 nunc
1540 869 1760 920 obversis
1782 873 2002 919 invicem
2013 871 2130 918 dor-

368 940 454 992 sis,
491 952 626 987 nunc
652 937 825 994 junctis
856 938 908 983 in
938 934 1121 983 orbem
1142 933 1398 986 manibus,
1429 933 1551 997 saepe
1569 932 1908 982 fanaticorum
1934 934 1987 981 in
2016 947 2132 983 mo·

368 1018 480 1056 tem
498 1002 728 1059 jactantes
748 1000 924 1062 capita,
950 1010 1326 1059 nonnunquam
1350 995 1619 1061 sulphureis
1646 992 1888 1045 instructae
1911 995 2129 1050 facibus,

367 1065 631 1118 incondita
650 1074 883 1110 exercent
906 1062 1046 1124 orgia
1059 1092 1071 1112 ‚
1105 1074 1217 1121 quae
1235 1060 1444 1108 tandem
1463 1061 1514 1107 in
1538 1060 1747 1110 Flora-lia
1763 1059 1998 1108 <desinunt
2011 1092 2026 1114 ,
2049 1058 2131 1108 iis-

371 1145 471 1192 que
497 1126 760 1176 sceleribus
783 1124 1107 1187 complentur
1121 1155 1133 1174 ‚
1156 1137 1265 1184 quae
1284 1121 1311 1170 a
1332 1122 1532 1172 calamo
1550 1120 1838 1172 Christiano
1853 1126 2011 1172 etiam
2025 1138 2132 1171 me-

368 1192 705 1243 morarivetat
720 1189 965 1236 Gentium
987 1186 1205 1235 Doctor.
1307 1186 1544 1248 Denique
1568 1186 1750 1235 ultimo
1771 1198 2024 1236 coronant
2035 1185 2132 1234 hir-

370 1268 489 1306 cum
504 1288 516 1307 ‚
539 1256 587 1304 ὅ(
608 1251 688 1301 sua
699 1252 931 1314 quisque,
953 1267 979 1298 a
999 1251 1238 1315 proximis
1254 1261 1441 1314 patrata
1464 1249 1682 1314 tripudiis
1698 1283 1711 1303 ,
1732 1249 2132 1314 depraedicatsce-

369 1321 497 1369 leta:
550 1313 710 1379 magis
733 1313 1006 1362 execranda
1028 1313 1292 1362 laudantur
1311 1310 1512 1361 uberius
1537 1330 1547 1360 z
1601 1311 1767 1362 minus
1792 1314 1980 1362 atrocia
1996 1324 2131 1362 atro·

367 1383 473 1443 cius
486 1377 807 1446 castigantur,
840 1388 899 1426 ut
920 1389 1151 1440 appa—reat
1164 1410 1178 1431 ,
1209 1388 1400 1440 ‚quanta
1421 1378 1546 1426 vitiis
1562 1375 1801 1426 debeatur
1857 1377 1982 1426 lotia
1997 1375 2133 1440 apud

370 1442 615 1497 scelestos,
717 1442 923 1491 Interim
947 1440 1071 1489 dum
1094 1443 1146 1489 in
1163 1439 1393 1490 flammas
1416 1440 1545 1494 abit,
1579 1439 1796 1490 fiammis
1810 1393 2023 1504 ffignum
2036 1439 2132 1489 hir-

372 1513 418 1559 ci
439 1508 774 1573 arc‘hetypom
812 1500 1167 1553 distribuuntur
1179 1502 1388 1567 venefici
1409 1505 1598 1552 cineres
1612 1535 1625 1558 ‚
1655 1506 1707 1554 ὅ(
1721 1503 1976 1568 publica-to
1990 1502 2132 1553 Pseu-

373 1573 548 1621 dothei
583 1571 788 1618 decreto
816 1567 892 1616 his
928 1569 1112 1616 verbi-3:
1148 1566 1518 1624 nlczscimmivos,
1542 1568 1729 1630 alioquin
1764 1569 2032 1618 moriemini,
2060 1565 2129 1615 ad

373 1636 455 1689 sua
477 1649 658 1683 omnes
670 1632 750 1681 vel
768 1631 1005 1683 redeunt,
1037 1632 1114 1679 vel
1134 1629 1464 1680 revehuntur:
1500 1629 1645 1678 hirco
1662 1630 1801 1678 subin
1823 1630 2132 1679 recalcitran-

373 1710 450 1752 te,
486 1700 536 1747 ὅ(
557 1695 621 1745 ad
642 1694 833 1743 sacratae
860 1708 1114 1756 campanae
1137 1692 1359 1741 sonitum
1377 1692 1748 1756 perterrefacto,
1765 1692 1869 1740 suas
1887 1694 1940 1740 in
1961 1691 2136 1742 fimeta

376 1763 656 1811 excutiente
673 1757 883 1807 Icarides
901 1789 920 1810 ι,
962 1754 1122 1818 digno
1144 1758 1317 1819 utiquc
1336 1757 1744 1820 peregrinationis
1765 1755 2014 1812 ejusmodi
2037 1767 2134 1804 ter-

376 1822 543 1874 mino.
656 1823 719 1871 Et
738 1820 843 1869 haec
866 1821 1077 1868 extra&a
1096 1816 1124 1867 ὲ
1143 1821 1397 1883 praecipuis
1415 1819 1696 1883 Areopagis
1726 1819 1937 1882 Europae
1953 1852 1966 1872 ,
2003 1829 2133 1882 quot

377 1886 678 1938 confirmata
692 1883 800 1933 sunt
817 1879 1017 1931 testibus
1033 1918 1044 1933 ‚
1081 1894 1161 1930 tot
1177 1880 1471 1930 authenticis
1492 1884 1703 1931 refutata
1724 1882 1833 1931 sunt
1854 1878 2131 1931 testimoni-

379 1953 417 2001 ἰέ
431 1985 443 2005 ‚
463 1966 573 2014 quae
589 1948 681 1998 fibi
702 1943 1006 2012 phantastica
1036 1945 1231 2010 fingunt
1242 1946 1484 2023 sagarum
1505 1960 1566 1993 or
1602 1947 1662 1999 ia,
1685 1943 1945 1995 Authores
1966 1943 2001 1994 fi
2026 1959 2137 1994 non

378 2015 603 2066 fanatici,
640 2006 772 2059 certe
795 2008 1013 2075 ipsismet
1024 2010 1187 2072 Magis
1199 2024 1357 2073 magis
1382 2007 1584 2073 phantal
1609 2010 1687 2056 ici.

505 2076 703 2126 LEUC:
773 2071 1014 2121 Prol‘ixius
1027 2069 1129 2126 ista,
1146 2070 1316 2135 siquid
1327 2070 1526 2121 curioso
1542 2070 1853 2135 Philosopho
1866 2067 2033 2137 potest
2042 2068 2136 2120 effe

379 2141 650 2210 prolixum.
718 2136 985 2200 Scrupulus
1003 2132 1216 2200 superest
1229 2169 1242 2189 ,
1262 2151 1417 2198 quem
1438 2134 1560 2182 mihi
1577 2135 1763 2183 fecerat
1784 2151 1908 2184 mox
1927 2137 1978 2184 in
1992 2150 2136 2183 exor-

380 2206 468 2255 dio
492 2200 741 2254 discursus.
810 2196 1012 2252 Dixisti,
1031 2199 1154 2247 nihil
1175 2201 1261 2248 Ma
1301 2201 1400 2248 iam
1420 2195 1557 2261 poffe
1574 2201 1628 2247 in
1649 2200 1854 2247 Naturae
1867 2195 2060 2249 statuta,
2082 2200 2134 2248 δε
2168 2219 2169 2222 “

381 2269 635 2317 ordinem.
734 2264 996 2313 Rcvcrcor
1017 2260 1251 2311 affer-tum
1310 2276 1376 2311 oc
1391 2294 1409 2315 .‚
1445 2263 1560 2323 quia
1582 2273 1756 2309 tuum:
1792 2264 1843 2312 &
1862 2261 1986 2310 mihi
2006 2259 2135 2310 suffi-

384 2349 517 2386 ceret
549 2334 942 2397 Pythagoricum
965 2320 1087 2387 ἶφᾱ,
1119 2330 1151 2379 fi
1182 2331 1495 2393 Discipulum
1523 2346 1607 2378 me
1636 2330 1836 2384 malles,
1872 2329 2024 2393 quam
2042 2331 2135 2379 So-

380 2403 567 2469 phum:
587 2399 668 2446 sed
689 2401 803 2460 quia
819 2398 962 2456 hujus
974 2399 1245 2464 proprietas
1265 2396 1386 2444 nihii
1406 2395 1605 2444 crede-re
1619 2428 1632 2448 ‚
1653 2396 1830 2443 cuncta
1850 2396 1990 2444 scire:
2028 2409 2134 2457 age,

383 2461 574 2515 nihilne
596 2463 765 2524 Magia
777 2474 956 2511 contra
977 2474 1160 2511 naturae
1182 2462 1312 2524 leges
1326 2492 1339 2512 ‚
1376 2463 1423 2508 δε
1445 2459 1712 2508 ordinem.2
1732 2459 2007 2508 reclamant
2018 2472 2137 2505 una-

382 2531 507 2580 nimi
529 2525 725 2579 calculo
747 2527 1083 2590 experimenta
1103 2551 1129 2582 ‚-·
1150 2539 1263 2587 quae
1291 2521 1465 2588 passim
1476 2518 1711 2577 ,historici
1733 2523 1973 2632 Annalga
2041 2521 2132 2584 Py-

1881 2597 1904 2633 t
1943 2597 2060 2647 ago-
