2222 2905
130 174 186 220 In
229 170 293 216 di-

123 246 258 344 &5225

126 361 294 406 Grand-

118 422 207 479 βπ.
223 423 339 473 Eccl,

125 497 149 545 3
158 496 202 541 7·

436 69 498 117 60
1004 66 1202 115 Flamma
1220 66 1487 116 Promethei.

375 177 517 212 marn
538 194 552 216 ,
588 160 796 216 denariis
826 160 1023 225 aliquot
1048 162 1360 213 divenditam
1382 162 1593 218 ferunt,
1629 177 1784 229 quam
1807 163 1966 223 Julius
1991 198 2004 221 ,
2039 165 2145 217 hoc

375 227 590 278 nomine
615 224 858 274 secundus
881 258 894 279 ,
929 228 1106 290 viginti
1123 226 1447 276 florenorum
1467 227 1685 277 millibus
1715 244 2011 294 comparare
2033 245 2145 279 non
2204 281 2210 284 ,

378 286 544 339 modo
567 288 730 338 voluit
750 322 764 341 ,
798 288 880 338 sed
899 287 1208 354 comparasse
1224 293 1373 338 etiam
1389 292 1531 339 lucro
1559 291 1799 356 apposuit.
1869 293 2025 339 MEL:
2048 295 2145 344 Re-

378 349 455 401 Cte
478 349 635 399 ass'eris
661 369 670 400 ε
709 351 1041 417 Philosophus
1062 369 1170 401 non
1200 351 1268 400 cst
1288 386 1302 407 ,
1339 356 1426 413 qui
1452 353 1536 402 etsi
1563 357 1739 403 omnia
1773 354 1887 404 sciat
1914 388 1926 407 ,
1963 358 2141 405 anima:

382 428 554 463 tamen
585 414 676 464 suae
712 417 930 479 pretium
955 415 1136 464 nesciat
1165 434 1174 463 :
1212 432 1333 464 nam
1357 419 1528 476 Sapiens
1554 420 1700 463 animae
1719 418 1799 475 ,lim
1818 418 2011 477 fizpiens,
2045 419 2145 475 jux-

380 491 430 527 ta
462 478 727 526 oraculum
746 479 1002 543 Sapientis.
1102 479 1379 543 Tripliccm
1416 479 1756 529 Academiam
1783 514 1795 535 ,
1834 481 2146 546 Philosophis

382 541 600 590 crestam
628 574 641 595 ,
678 539 705 589 a
733 541 920 590 Divina
933 542 1181 606 Sapientia
1199 544 1409 606 legimus
1433 575 1445 597 ,
1468 543 1568 592 ,ubi
1596 545 1682 606 qui
1718 547 1935 608 pretium
1970 548 2148 593 animae

381 605 584 669 negligit
606 636 618 657 ,
655 619 827 653 veram
847 605 1152 669 Sapientiam
1175 606 1378 669 negligit
1397 639 1410 660 ,
1426 609 1541 669 quia
1570 607 1774 671 negligit
1795 608 2014 656 salutem.
2051 609 2151 658 Pri-

380 683 523 715 mam
549 669 703 730 apcrit
722 668 981 716 infernus:
1026 671 1079 716 in
1107 669 1209 717 hoc
1242 672 1470 733 Lyceum
1515 670 1798 727 descendamus
1824 674 2050 725 viventes,
2086 686 2151 718 nc

383 730 682 779 descendere
700 733 893 779 mortui
911 733 1299 796 compellamur.
1368 735 1430 781 Et
1455 733 1577 795 quid
1598 734 1756 788 aliud,
1792 735 2078 782 ¹aerumnoso
2100 736 2153 782 in

383 809 580 842 carcere
605 794 796 842 docent
816 827 828 848 ,
865 796 1067 859 relegati
1088 795 1138 843 hi
1171 791 1197 844 ὲ
1219 796 1378 844 Coelo
1401 795 1694 860 Philosophi
1720 830 1734 851 ,
1770 797 1856 845 nisi
1892 796 2152 861 pessimam

383 856 770 905 conclusionem
793 890 806 910 ,
843 873 942 920 qua
964 874 1022 906 ex
1042 861 1219 908 anima:
1250 858 1399 907 finitae
1420 859 1603 915 jastura
1625 892 1638 912 ,
1674 859 1948 912 infinitams
1971 876 2027 908 cx
2047 876 2154 924 par-

383 920 575 968 ticulari
597 918 809 969 intulere
833 921 1161 970 universalem
1184 924 1199 970 ἓ
1235 922 1356 985 quid
1383 924 1516 970 enim
1546 919 1750 987 prodest
1778 956 1791 977 ,
1827 923 1861 971 si
1891 924 2154 971 ‘mundum

386 983 672 1033 universum
696 984 886 1038 lucrati,
901 987 1079 1036 anima:
1104 983 1219 1049 pass}
1240 988 1349 1034 sunt
1370 986 1759 1034 detrimentum?
1783 987 1924 1051 Qiin
1940 989 1988 1036 &
2008 986 2070 1034 ab
2087 988 2156 1050 ip-

387 1045 441 1095 so
477 1047 866 1095 mendaciorum
892 1045 1136 1112 Magistro
1158 1049 1326 1096 licebit
1344 1049 1524 1097 discere
1560 1051 1825 1098 veritatem
1856 1068 1865 1096 :
1904 1049 2026 1111 quid
2058 1051 2157 1113 agit

389 1106 595 1159 Alastor
620 1107 800 1174 stygius
823 1143 835 1163 ,
873 1109 981 1159 imo
1003 1112 1121 1173 quid
1145 1127 1251 1159 non
1275 1115 1374 1175 agit
1399 1148 1410 1163 ‚
1450 1124 1503 1160 ut
1539 1115 1761 1160 animam
1793 1125 1903 1176 agat
1937 1114 1989 1160 in
2011 1111 2156 1160 trans-

388 1172 620 1222 versum?
658 1186 787 1235 quot
824 1189 933 1221 non
968 1170 1106 1222 struit
1133 1173 1325 1222 insidias
1351 1177 1366 1222 ἓ
1402 1187 1530 1237 quot
1560 1191 1666 1222 non
1697 1175 1899 1224 adhibet
1923 1177 2154 1223 tentatio-

388 1251 514 1284 num
534 1235 978 1285 machinamenta?
1015 1253 1149 1285 nunc
1185 1250 1358 1301 aperto
1396 1240 1563 1287 Marte
1599 1238 1814 1286 furiosos
1852 1252 1989 1303 parat
2019 1237 2156 1286 ass'ul-

390 1311 469 1347 tus
495 1316 504 1346 :
544 1315 679 1347 nunc
703 1299 788 1348 sub
815 1302 969 1370 ovina
988 1301 1117 1365 pelle
1140 1301 1406 1350 diiiimulat
1424 1317 1658 1365 rapacem
1679 1302 1858 1366 lupum
1880 1319 1888 1348 ε
1910 1301 2030 1366 saepe
2052 1317 2157 1349 ma-

355 1406 358 1407 r
392 1363 466 1411 lus
490 1378 673 1411 corvus
703 1379 802 1412 ova
826 1364 1030 1428 peflima
1048 1366 1286 1426 excoquit
1310 1397 1322 1417 ,
1359 1364 1512 1412 libros
1531 1365 1756 1428 intelligo
1780 1401 1791 1415 ‚
1830 1377 1966 1429 patre
1985 1364 2158 1413 diabo-

393 1426 447 1474 lo
473 1426 679 1490 dignos:
716 1442 1092 1489 nonnunquam
1124 1427 1304 1483 deliciis
1338 1428 1485 1475 allicit
1507 1460 1519 1480 ,
1556 1443 1650 1474 nec
1690 1426 1804 1476 raro
1844 1428 2035 1476 divitias
2066 1427 2158 1476 ob-

394 1489 582 1538 trudit:
622 1493 671 1539 &
694 1486 811 1538 licet
839 1506 1067 1542 novam,
1104 1489 1206 1538 hoc
1243 1487 1430 1552 quaestu
1463 1523 1475 1543 ,
1512 1506 1722 1554 poenam
1770 1490 1858 1537 fibi
1894 1489 2158 1554 comparet

394 1553 704 1601 nundinator
722 1554 986 1617 improbus
1006 1586 1018 1606 ,
1055 1569 1163 1601 non
1189 1552 1516 1602 absterretur:
1555 1549 1669 1600 licet
1690 1553 1921 1617 superbiae
1952 1566 2159 1602 tumore

394 1613 524 1682 pene
562 1629 822 1681 rumpatur
842 1650 855 1670 ,
892 1629 1064 1664 tamen
1086 1618 1282 1665 nullum
1304 1618 1556 1666 servitium
1578 1613 2161 1680 abnuitmuncstrygum

396 1681 711 1744 mancipium
739 1712 752 1734 ,
788 1695 924 1728 nunc
945 1680 1170 1744 sagarum
1200 1680 1512 1736 jumentum:
1535 1678 1655 1743 saepe
1680 1679 1852 1742 agaso,
1870 1680 1948 1728 vel
1971 1681 2155 1728 Arcas:

397 1740 566 1792 modo
598 1742 761 1791 olidus
783 1742 946 1791 hircus
967 1776 979 1796 ,
1015 1741 1182 1792 modo
1204 1742 1429 1791 sordidus
1464 1757 1521 1790 ex
1557 1742 1675 1791 hara
1701 1758 1887 1806 porcus
1919 1760 1928 1789 :
1966 1743 2157 1807 semper

397 1807 604 1870 vigilans
622 1807 685 1854 ad
709 1807 1033 1859 nocendum,
1068 1807 1260 1870 semper
1281 1808 1477 1869 rugiens
1499 1805 1561 1854 ad
1574 1805 1941 1855 devorandum.
1970 1808 2089 1854 Haec
2109 1806 2161 1853 il-

397 1870 461 1922 le,
485 1870 695 1919 alienam
713 1871 1008 1918 ut-animam
1023 1870 1193 1934 perdat
1213 1871 1359 1933 :quid
1377 1868 1722 1933 Philosophus,
1742 1882 1796 1917 ut
1807 1870 2028 1917 animam
2047 1885 2163 1933 pro-

402 1935 565 1997 priam
578 1933 963 1998 salvetPSupcri!
1003 1934 1280 1982 exclamare
1298 1934 1418 1982 libet
1446 1949 1564 1981 cum
1587 1933 1823 1981 Salviano
1845 1930 2094 1995 :qzte'sfuror
2107 1931 2163 1984 est

405 1998 506 2043 hic?
540 1997 650 2042 viles
669 1995 695 2042 ci
718 1996 833 2042 nobis
852 2000 1014 2042 animas
1039 1997 1189 2043 haberi
1207 2030 1220 2051 ,
1256 2013 1359 2059 quas
1379 1999 1510 2043 etiam
1530 1994 1722 2041 diabolus
1746 2006 1878 2055 putat
1904 1993 1977 2052 esse
1997 1997 2163 2054 pretio-

396 2060 480 2118 fizs.
550 2059 889 2108 Academiam
925 2061 1131 2108 alteram
1155 2060 1372 2109 ereetam
1410 2059 1545 2108 vides
1581 2060 1634 2106 in
1671 2070 1852 2107 monte
1888 2058 2160 2106 Calvariae:

156 2130 370 2180 h0m‚2,in
408 2122 534 2186 qmim
547 2124 755 2183 pretiofits
774 2123 832 2181 fis
862 2121 884 2167 ὂ
914 2124 1060 2174 homo,
1090 2123 1126 2181 fi
1147 2123 1267 2182 fbrte
1295 2125 1485 2171 Creatori
1519 2138 1598 2167 non
1628 2123 1762 2167 credis
1782 2156 1795 2173 ,
1826 2123 2044 2180 interroga
2076 2123 2162 2165 Re-

159 2193 299 2256 6317ηᾶ.

94 2277 98 2279 ’
159 2255 319 2319 Apoll:

158 2325 203 2368 in
216 2320 327 2378 Psal.

163 2398 272 2432 102.

160 2446 316 2496 Thom,
333 2443 360 2490 ὰ

165 2508 355 2559 Braban:

409 2188 694 2246 demptorem,
718 2187 879 2248 inquit
898 2187 946 2234 S.
971 2186 1258 2235 Eucherius.
1327 2188 1467 2236 Nam
1496 2186 1848 2244 Redemptorem,
1871 2200 1991 2230 nemo
2010 2182 2157 2242 fallit,

413 2265 533 2294 nemo
564 2252 870 2300 circumvenit,
905 2266 1024 2295 nemo
1047 2253 1235 2309 premit,
1260 2252 1347 2309 egit
1374 2248 1658 2298 contraffitm,
1682 2248 1921 2306 fizngzaeinem
1939 2246 2060 2305 sitdit
2081 2258 2163 2307 pro

413 2311 553 2358 nobis:
581 2313 760 2374 quibus
783 2313 944 2363 verbis
969 2312 1353 2362 conclusionem
1375 2311 1619 2375 subjungit
1637 2311 1959 2374 Hipponense
1972 2311 2163 2359 Oracu-

413 2376 545 2424 lum:
577 2379 691 2434 erige
710 2389 753 2422 te
775 2376 869 2435 erg&
893 2376 916 2422 ὃ
935 2379 1228 2430 anima,tanti
1245 2377 1391 2423 vales!
1413 2371 1658 2437 Stupuere
1679 2372 2161 2437 juvenemSophum

413 2440 580 2502 priora
598 2438 766 2486 saecula
789 2472 802 2492 ,
839 2440 925 2500 qui
955 2473 968 2494 ,
1004 2438 1124 2488 cum
1152 2436 1385 2488 stationes
1407 2471 1421 2492 ,
1448 2434 1630 2486 Christi
1655 2433 1894 2500 mysteriis
1924 2436 2124 2484 sacratas
2145 2473 2160 2492 ‚

412 2501 776 2565 Hierosolymis
799 2502 1027 2560 visitaret,
1050 2505 1103 2554 in
1115 2503 1352 2557 Calvariae
1373 2513 1557 2553 monte
1578 2499 1645 2552 lic
1667 2496 1956 2552 exclamasse
1978 2499 2135 2608 feftus
2148 2521 2158 2553 :

2042 2579 2099 2608 HC
