2177 2905
373 111 466 158 252
906 98 1060 157 Hydra
1071 88 1200 150 nostri
1221 92 1458 155 Temporis.

308 191 637 257 Theologicis
659 189 782 240 scitis
803 190 1115 241 cohaereant,
1151 189 1368 239 viderint
1386 188 1456 237 illi
1477 219 1492 243 ,
1527 186 1590 237 ad
1610 201 1741 251 quos
1770 185 1955 240 merito
1984 203 2066 256 ap-

308 255 458 321 pellat
482 256 686 305 inferius
710 253 1042 319 Philosophiae
1070 253 1331 303 Tribunal.

467 319 668 370 LEUC:
737 319 853 377 Jam
882 333 992 368 non
1021 318 1180 366 miror
1203 350 1216 371 ,
1247 332 1336 374 cur
1362 313 1577 364 Ecclesia
1617 313 1812 365 rursum
1846 328 2062 368 renovet

307 396 478 448 preces
494 415 507 437 ,
531 385 580 433 ὅ(
602 379 889 431 calidissima
910 414 923 436 ,
960 380 1140 445 quibus
1160 380 1373 429 Coelum
1386 378 1651 441 quondam
1664 378 1980 444 fatigaverat,
1998 380 2072 430 su-

307 444 448 511 spiria
470 456 659 510 repetat
684 462 694 494 :
731 444 757 492 ἀ
775 444 1020 491 Βίαἰεὲἶίεα
1044 442 1275 503 Augustini
1292 441 1430 489 libera
1453 458 1526 487 nos
1549 444 1754 490 Domine.
1801 445 1956 490 MEL:
1993 445 2070 493 Ita

307 504 408 558 est:
430 508 659 559 adoravit
681 506 895 558 Ecclesia
908 505 1254 571 Augustinum
1265 505 1474 556 Theolo
1512 520 1600 555 um
1615 537 1628 559 ,
1654 504 1734 554 sed
1757 508 1809 557 &
1827 505 2071 556 formida-

308 573 382 622 vit
395 568 741 636 Augustinum
759 570 1124 635 Philosophum
1141 588 1151 617 ε
1178 581 1416 619 venerata
1429 584 1454 617 e
1512 565 1853 633 Augustinum
1867 567 2067 625 Christi,

314 634 399 685 sed
424 638 473 686 ὅ(
494 647 719 684 execrata
744 631 1169 698 estAugustinum
1181 631 1467 682 Manichaei.
1569 634 1642 681 Ita
1659 631 1799 680 senfit
1818 634 2069 697 primitiva

305 700 434 749 olim
455 698 669 748 Ecclefia
684 732 696 751 ‚
713 700 842 749 &ita
860 698 1000 746 sentit
1013 697 1295 747 hodiedum
1311 696 1494 744 adulta.
1566 695 1768 744 Adorat
1781 699 2063 744 etiamnum

307 759 655 827 Augustinum
671 758 879 816 Christi,
907 760 988 810 sed
1014 764 1063 811 &
1084 773 1336 808 execratur
1347 755 1692 822 Augustinum
1703 758 1930 814 Jansenij.
1989 759 2064 806 At

304 828 428 890 quid
453 841 550 890 ego
577 826 829 890 vituperiis
854 825 1157 889 prosequor,
1195 837 1350 883 quern
1370 833 1448 868 tot
1470 819 1642 883 elogiis
1663 820 1740 875 alii
1762 820 2068 883 prosequun-

305 890 420 939 tur?
455 891 708 938 Innocens
732 885 825 940 est,
853 903 1017 937 novus
1040 886 1122 933 hic
1143 879 1412 947 Augustini
1435 883 1698 947 Pronepos
1714 914 1727 934 2
1748 886 1798 933 <Sc
1821 882 2067 932 deTheo-

305 952 445 1017 logia
465 947 661 1015 optime
684 952 914 1001 meritus,
944 949 1075 1008 ⁴dum
1089 947 1235 996 DEO
1259 947 1401 1010 eripit
1424 945 1842 1000 misericordiam,
1863 943 2065 997 Christo

308 1014 700 1078 Redemptionis
719 1013 939 1075 gloriam
955 1044 968 1065 ‚
1003 1009 1227 1060 Ecclesiae
1242 1008 1897 1064 Authoritatem,Fidelibus
1911 1010 2066 1074 spem,

306 1079 601 1128 Viatoribus
623 1078 832 1139 gratiam
848 1109 860 1128 ,
882 1077 1086 1124 Naturae
1111 1073 1317 1128 Arbitrij
1331 1072 1630 1121 libertatem.
1702 1074 1952 1121 Innocens
1977 1070 2064 1127 est,

307 1144 357 1192 ὅ(
377 1141 439 1189 de
465 1138 783 1203 Philosophia
800 1153 1012 1201 quoque
1031 1133 1225 1202 optime
1251 1139 1454 1184 meritus
1476 1168 1490 1189 ,
1527 1136 1648 1184 dum
1665 1137 1869 1184 Naturae
1886 1151 2064 1185 arcana

305 1201 476 1268 lingua
499 1202 733 1269 profanat
756 1199 1024 1251 vernacula
1038 1233 1051 1254 ,
1068 1214 1122 1248 ut
1146 1202 1197 1248 in
1219 1201 1447 1264 Peripato
1467 1199 1567 1256 jam
1581 1197 1849 1247 discurrant
1863 1232 1876 1253 ,
1890 1202 1941 1249 &
1958 1215 2064 1264 gar-

304 1271 461 1321 riant,
483 1267 583 1325 jam
605 1264 1047 1331 philosophentur,
1102 1266 1151 1314 &
1171 1263 1457 1311 fabulentur
1475 1262 1639 1328 plures
1662 1261 1871 1326 Sophae‚
1906 1263 2062 1325 quam

303 1330 488 1395 Sophi:
527 1329 651 1378 dum
671 1328 939 1378 muliebres
969 1342 1084 1376 acus
1110 1337 1272 1376 mutat
1290 1328 1341 1374 in
1364 1326 1611 1377 calamos,
1636 1326 1782 1375 colos
1799 1328 1850 1374 in
1862 1324 2064 1391 sceptra,

305 1395 488 1457 quibus
523 1404 657 1443 creet
684 1392 853 1456 dignas
877 1390 979 1440 hoc
1000 1393 1311 1440 Promotore
1334 1386 1590 1453 Magistras
1614 1405 1625 1436 :
1665 1388 1790 1437 dum
1824 1391 2064 1454 epomide

305 1468 455 1508 ornat
476 1458 659 1507 amicas
676 1488 689 1511 ,
710 1455 960 1505 dod'torali
989 1455 1181 1503 annulo
1211 1452 1422 1517 Sponsas
1445 1471 1455 1500 :
1493 1452 1618 1501 dum
1640 1464 1719 1501 tot
1745 1454 1886 1516 erigit
1906 1453 2066 1503 Athen

304 1537 412 1572 naea
427 1554 440 1575 ‚
462 1532 593 1585 quot
606 1520 856 1584 Gynaecea
870 1537 880 1566 :
896 1518 1055 1567 verbo
1072 1551 1084 1572 ,
1105 1518 1229 1566 dum
1248 1517 1455 1565 scientiae
1478 1515 1618 1564 sacrae
1644 1520 1928 1579 margaritas
1948 1533 2063 1581 pro-

301 1584 404 1641 iicit
422 1597 537 1634 ante
558 1598 743 1647 porcos
764 1615 777 1633 ‚
814 1584 929 1644 quia
948 1593 1062 1630 ante
1084 1583 1389 1643 Margaretas
1404 1612 1416 1632 ‚
1432 1582 1480 1629 ὅ(
1495 1580 1802 1643 Margaritas.
1882 1582 1944 1629 Et
1958 1579 2063 1630 haec

300 1646 411 1697 sunt
430 1647 639 1706 Jansenij
660 1648 711 1695 δε
725 1642 1039 1694 Affeclarum
1057 1644 1304 1707 praeclara,
1320 1642 1354 1689 fi
1373 1644 1569 1706 Superis
1581 1646 1744 1706 placet
1756 1675 1769 1695 ,
1795 1645 1846 1691 in
1864 1643 2063 1692 Acade-

302 1714 428 1761 mias
452 1709 629 1758 merita
646 1740 658 1760 ,
682 1707 787 1755 haec
804 1703 956 1755 nostri
980 1707 1221 1770 temporis
1248 1705 1432 1767 probra
1448 1736 1461 1756 ,
1484 1703 1909 1770 haechheologiae
1930 1706 2056 1756 ludi-

306 1774 412 1824 bria
427 1806 440 1828 ,
460 1772 566 1822 haec
588 1769 917 1835 Philosophiae
941 1769 1213 1833 profanatae
1238 1767 1505 1815 dedecora.

438 1836 637 1886 LEUC:
707 1835 768 1882 Et
788 1832 909 1895 quid
933 1847 1027 1880 nos
1050 1832 1112 1878 ad
1135 1827 1250 1878 ista?
1270 1845 1333 1876 an
1353 1829 1546 1877 sublatis
1570 1829 1788 1877 humeris
1808 1829 2064 1882 sileamus?

309 1916 374 1950 an
400 1899 555 1949 hianti
576 1913 666 1947 ore
690 1896 1014 1961 spectabimus
1034 1889 1377 1957 Augustinum
1408 1891 1646 1949 jansenii,
1665 1891 1729 1939 fic
1760 1894 1887 1941 inter
1913 1897 2064 1954 Hele-

308 1980 398 2014 nas
421 1959 889 2028 philosophantem?
955 1960 1113 2005 MEL:
1165 1953 1383 2019 Minime
1397 1955 1639 2004 Gentium
1661 1956 2060 2008 miLeucothee!

307 2030 361 2078 in
392 2025 672 2077 Academia
709 2025 926 2072 vivimus
950 2055 963 2076 ,
994 2035 1148 2085 qutun
1181 2019 1366 2067 merito
1399 2018 1837 2082 propugnaculum
1874 2020 2061 2071 diceres

310 2090 545 2150 Jansenio
568 2086 759 2150 semper
779 2085 1040 2134 invictum.
1110 2084 1215 2132 Fuit
1237 2081 1474 2130 lia&enus
1492 2080 1572 2129 hic
1593 2081 1660 2128 illi
1678 2081 1863 2135 honos,
1877 2096 1931 2131 ut
1941 2085 2060 2135 Pro-

311 2154 634 2204 montorium
661 2147 776 2209 esset
790 2149 1090 2199 Germaniae,
1115 2144 1259 2208 quod
1281 2160 1390 2194 non
1412 2141 1577 2192 modo
1596 2140 1794 2198 sisteret,
1813 2146 1895 2194 sed
1920 2150 1969 2198 ὅ(
1988 2164 2062 2198 re-

313 2216 547 2266 tunderet
569 2211 773 2263 Haercfis
798 2212 1011 2261 novellae
1036 2210 1228 2260 fluitus.
1295 2210 1416 2257 Haec
1445 2208 1662 2271 gloriosa
1691 2212 1986 2265 conamina,
2008 2215 2061 2263 ὃς

314 2295 412 2345 ego
433 2279 719 2334 adjuvarem
742 2275 895 2325 hodie
916 2274 1109 2327 lubens,
1130 2271 1215 2322 nisi
1236 2267 1465 2335 angustiae
1487 2273 1725 2335 temporis
1747 2285 1936 2321 metam
1953 2289 2062 2324 cur.

311 2343 406 2396 sui,
427 2345 477 2391 ὅ(
497 2339 724 2389 discursui
746 2350 992 2404 ponerent
1006 2370 1019 2390 ‚
1036 2336 1234 2401 ipsaque
1255 2331 1556 2387 abstraheret
1577 2349 1660 2383 me
1679 2338 1952 2386 reverentia
1966 2370 1979 2392 ,
1994 2353 2062 2388 ne

314 2407 485 2456 alienae
507 2401 645 2452 meffi
667 2404 984 2451 temerariam
1005 2403 1278 2448 immittam
1301 2397 1499 2446 falcem.

443 2466 639 2517 LEUC:
709 2467 798 2515 An
814 2462 935 2528 ergo
956 2460 1185 2513 exhausta
1198 2460 1486 2525 Philosophi
1503 2460 1759 2525 pharetra?
1777 2476 1840 2511 an
1858 2464 2058 2516 nullum

314 2532 538 2598 suppetat
561 2530 792 2594 Peripato
816 2529 1002 2583 telum,
1025 2541 1132 2591 quo
1154 2526 1340 2592 jugulet
1356 2523 1494 2575 hunc
1520 2521 1676 2576 nostri
1694 2530 1935 2590 temporis
1959 2529 2058 2579 Mi-

1808 2603 1989 2640 notau-
2045 2606 2047 2609 ·
