2177 2905
373 94 469 141 234
848 74 1251 136 Technoplvrlacium
1282 73 1519 136 Phyficum.

592 168 753 216 Invida
774 169 948 213 viventi
966 166 1073 212 mihi
1100 181 1226 228 quam
1249 167 1430 213 Natura
1451 166 1647 226 negarat,

657 235 661 238 ’
690 230 789 284 Post
814 228 975 277 obitum
989 227 1104 287 felix
1136 230 1300 275 addidit
1321 233 1424 278 ,Ars
1456 233 1641 277 animam
1659 265 1673 281 ,
1726 228 1728 231 ’
2095 270 2106 271 c

474 298 631 344 MEL:
701 292 950 344 Musicam
974 295 1133 357 tangis
1150 326 1163 346 ,
1194 295 1319 340 inter
1336 295 1471 341 Artis
1486 293 1723 342 miracula
1749 288 1892 342 facile
1918 292 2067 355 Regi-

310 378 447 415 nam.
517 361 631 410 Nec
655 354 830 406 frustra
845 358 1007 404 Clavim
1030 357 1221 402 cordium
1246 353 1411 405 dixere
1431 358 1593 406 clavi-
1609 356 1880 405 chordium
1895 356 2068 407 Murae,

311 423 444 477 adeo
467 418 820 484 thavmaturga
845 420 1003 484 pollet
1021 422 1219 468 virtute.
1291 419 1525 483 Orpheus
1543 416 1610 468 est
1625 452 1638 473 ,
1662 422 1745 482 qui
1761 419 1993 468 humanis
2004 417 2072 466 af-

312 488 523 540 feetibus
548 485 612 535 fic
632 486 925 534 dominatur
947 515 961 534 ,
999 494 1054 531 ut
1069 498 1178 531 non
1199 479 1341 546 aeque
1362 480 1506 532 facile
1529 483 1877 532 inclinationes
1904 480 2072 531 homi-

313 569 434 603 nem
458 550 701 616 prodant,
725 546 915 596 aecum
942 549 1091 595 sonus
1114 579 1128 600 7
1165 562 1251 610 per
1278 562 1417 596 aures
1437 545 1882 611 ingreffus‚totum
1906 543 2072 593 homi·

314 632 437 666 nem
453 648 465 669 ,
492 613 555 663 ad
574 599 1036 675 tacitam-cytharam
1060 622 1333 658 convocat.
1401 612 1549 659 Tunc
1570 613 1706 658 enim
1729 610 1925 658 arrectis
1951 622 2074 655 mox

315 679 514 729 auribus
549 678 795 725 immotus
827 672 1047 722 assidebit
1074 673 1476 723 Melancholieus
1497 707 1509 727 ,
1545 672 1712 722 modo
1747 672 1808 720 ad
1842 673 2076 720 devotio-

314 758 435 793 nem
451 776 464 797 ,
488 739 656 790 modo
681 738 743 785 ad
765 752 934 786 rerum
958 738 1193 785 omnium
1220 749 1574 800 contemptum
1590 770 1603 789 ,
1638 737 1700 783 ad
1723 732 1963 782 tristitiam
1993 733 2077 781 de-

316 808 472 869 nique
495 799 934 869 profundiffimam
954 800 1226 848 delabetur.
1315 799 1680 861 Phlegmaticus
1701 797 1968 844 subridebit
1986 797 2079 860 pri-

318 868 412 919 mo
434 902 447 922 ,
485 882 609 916 mox
632 880 738 914 uno
759 877 844 911 aut
861 864 1020 911 altero
1047 860 1378 925 generolioris
1402 859 1588 908 mallici
1617 858 1802 924 cyatho
1834 860 1980 907 faciet
2006 860 2078 906 in·-

320 932 555 983 tervalla,
582 929 798 990 denique
821 928 970 974 etiam
1005 927 1056 971 in
1094 923 1346 988 placidum
1383 923 1426 971 se
1465 923 1699 972 claudent
1729 923 1920 972 lumina
1951 921 2081 970 som-

322 1011 466 1045 num.
536 991 826 1054 Sanguineis
848 986 1025 1036 contra
1053 989 1334 1052 prurientin
1350 987 1523 1035 saltum
1545 987 1720 1050 pedes,
1737 983 2080 1048 accinentipsi‚

325 1063 374 1109 ὅ(
390 1058 452 1107 ad
465 1067 802 1106 communem
824 1051 1041 1098 laetitiam
1062 1051 1245 1100 obvios
1267 1050 1518 1112 quoslibet
1533 1050 1912 1099 convocabunt.
1942 1048 2083 1097 Cho-

326 1123 462 1171 lerici
487 1119 728 1180 denique,
750 1117 797 1164 ὅ(
822 1113 903 1225 19ὶῇ
928 1115 1251 1185 eravitate
1270 1116 1350 1162 sua
1373 1113 1630 1178 paululum
1656 1116 1910 1161 remittent
1926 1145 1938 1162 ‚
1969 1125 2085 1159 cen-

327 1186 457 1234 sores
477 1192 651 1246 agent,
684 1195 739 1227 ac
762 1180 847 1242 pol
878 1179 1075 1226 liminio
1100 1177 1486 1241 repedabuntad
1512 1178 1608 1225 sua.
1679 1178 1812 1225 Bene
1831 1173 2082 1226 Musicam

323 1248 428 1298 hoc
452 1245 708 1296 decoravit
731 1243 903 1306 elogio
931 1242 1085 1290 Vates
1105 1241 1186 1288 ille
1208 1273 1221 1295 ,
1243 1241 1366 1288 dum
1389 1242 1594 1288 cecinit:

549 1306 715 1365 -Mufica
734 1307 933 1354 turbatas
950 1308 1138 1355 animas,
1170 1302 1403 1366 aegrquae
1425 1304 1610 1350 dolorem

551 1372 647 1419 Sola
675 1370 795 1416 levat
810 1403 823 1422 ,
852 1369 1006 1415 merit&
1021 1368 1191 1415 Divzssm
1213 1365 1494 1429 Homindmffl
1516 1369 1740 1427 voluptas,

565 1438 568 1441 ’
595 1450 648 1479 [ιιι
665 1433 755 1492 fine
775 1434 835 1479 nil
846 1433 1076 1491 jucundum
1097 1433 1250 1476 animis
1268 1464 1280 1484 ,
1294 1447 1366 1475 nec
1386 1430 1570 1477 amabile
1592 1432 1845 1493 quidquam,

557 1500 629 1546 Ad
654 1497 770 1556 cujus
788 1497 1139 1554 numerosSuperi
1155 1507 1413 1544 vertuntur,
1451 1496 1507 1541 Θ
1521 1493 1661 1541 Orbis.

332 1565 609 1615 Rationem
631 1559 817 1608 horum
832 1556 1256 1622 refunditPhylica
1276 1560 1326 1605 in
1343 1560 1585 1607 unionem
1598 1558 1733 1607 illam
1753 1557 2088 1612 arctissimam,

334 1643 436 1691 qua
453 1628 620 1673 anima
639 1622 1143 1685 eorporicolligatur:
1183 1621 1298 1669 hinc
1320 1621 1387 1668 illi
1408 1620 1610 1669 effeetus
1633 1622 1948 1686 sympathici,
1986 1624 2090 1683 qui-

336 1692 430 1742 bus
464 1689 655 1738 anima,
680 1696 789 1732 utut
810 1684 1061 1748 spiritualis
1084 1696 1190 1730 tota
1206 1715 1219 1733 ,
1244 1698 1377 1730 nunc
1402 1685 1615 1746 patiente
1645 1701 1862 1747 corpore
1891 1687 2088 1748 patitur,

340 1768 477 1803 nunc
512 1764 630 1798 eum
650 1748 844 1796 Iaetante
867 1746 1071 1794 laetatur.
1159 1747 1370 1809 Organo
1410 1761 1594 1809 nempe
1622 1749 1945 1810 pnevmatico
1978 1762 2090 1794 non

341 1814 571 1865 absimilis
591 1811 758 1860 homo
780 1807 864 1861 est,
889 1811 939 1856 in
959 1809 1047 1856 illo
1071 1807 1104 1856 fi
1126 1820 1295 1871 tangas
1317 1809 1502 1860 claves,
1526 1821 1578 1856 ut
1602 1822 1803 1859 vocant,
1828 1811 1947 1858 dant
1965 1810 2095 1858 soni-

342 1894 455 1929 tum
479 1874 676 1926 fistulam
712 1876 761 1922 in
786 1873 886 1921 hoc
913 1871 946 1919 fi
973 1887 1181 1920 moveas
1209 1870 1384 1923 iensus,
1408 1872 1572 1918 anima
1595 1871 1854 1919 conformi
1878 1873 2096 1937 sympto-

342 1955 479 1995 mate
503 1949 822 2002 cooperatur.
894 1935 1041 1985 Unde
1065 1950 1170 1982 non
1202 1932 1466 1983 difficulter
1484 1934 1751 1997 intelliges,
1776 1950 1873 1997 qua
1899 1938 2094 1983 ratione

345 2005 554 2057 Davidis
577 2000 776 2066 cythara
799 1996 825 2048 ὲ
847 1998 1078 2049 turbulen
1101 2035 1119 2059 „·
1150 1998 1295 2046 Saule
1321 1997 1557 2060 expulerit
1571 1997 1867 2062 Sathanams
1886 1999 1935 2046 id
1959 2001 2096 2046 enim

348 2070 382 2120 fi
407 2071 586 2118 virtute
607 2060 790 2113 direct-3
814 2059 1069 2124 contigisse
1086 2060 1353 2114 existimes,
1382 2060 1783 2110 hallucinaberis:
1820 2061 1940 2124 quid
1961 2064 2097 2110 enim

350 2130 542 2183 Muliea
574 2144 681 2176 non
719 2127 920 2174 habenti
957 2140 1094 2172 aures
1121 2127 1135 2172 ἒ
1188 2125 1266 2173 sed
1306 2124 1570 2173 harmonia
1604 2123 1708 2171 haec
1743 2124 1911 2188 potius
1944 2125 2099 2173 Saulis

349 2196 646 2258 temperiem
661 2225 673 2244 ‚
698 2190 868 2238 furore
897 2191 1090 2252 penitus
1119 2190 1472 2237 conturbatam
1489 2220 1501 2239 2
1523 2186 1584 2234 ad
1604 2188 1880 2249 quemdam
1900 2188 2101 2252 redege-

353 2272 427 2308 rat
459 2257 691 2305 ordinem
712 2287 723 2305 ‚
744 2248 915 2314 sicque
947 2253 1174 2315 Stygium
1205 2251 1478 2317 hospitem,
1500 2253 1584 2312 qui
1615 2266 1724 2298 non
1757 2253 1989 2315 piscatur,
2014 2252 2099 2302 nisi

355 2325 406 2372 in
428 2319 631 2369 turbido
647 2352 658 2369 ‚
681 2317 944 2365 domicilio
967 2314 1263 2363 deturbavit.
1333 2314 1604 2375 Intelliges‚
1623 2328 1720 2375 qua
1747 2317 1940 2363 ratione
1959 2331 1986 2363 a
2004 2318 2102 2366 Mi-

357 2385 520 2436 cheas,
542 2385 590 2431 ἅ
605 2381 781 2429 Eliseus
795 2380 1029 2443 Spiritum
1047 2376 1404 2441 Prophetic'um
1421 2392 1506 2440 per
1526 2377 1768 2426 modulos
1780 2376 2005 2427 Muficos
2025 2395 2102 2429 ex-

359 2446 588 2497 citarint:
634 2446 818 2492 Lucius
849 2443 980 2495 Svlla
1015 2443 1167 2489 animi
1199 2454 1370 2490 motus
1408 2441 1671 2489 sedaverit:
1709 2440 1740 2488 b
1774 2442 2105 2493 Democritus

359 2503 782 2576 Clytemncstram
801 2507 852 2554 in
869 2496 1103 2555 Castitate
1133 2503 1366 2553 firmarit:
1401 2518 1503 2568 qua
1530 2506 1724 2554 ratione
1749 2504 2102 2554 Theodoricus

1927 2569 2037 2616 Rex
2050 2594 2052 2598 ·
