2160 2916
60 355 188 403 Echo.

66 886 179 931 Hor.
195 881 276 930 l.2.

9 969 13 972 ⁴
62 949 152 996 vde.
168 959 188 991 -1
200 960 244 995 2.

355 92 467 139 --104
879 76 1012 140 Scylla
1044 87 1172 143 atque
1207 73 1447 141 Charybdis.

302 173 517 242 Ipsamet
535 171 598 221 de
618 169 664 221 se
691 173 981 227 annuntiet,
1005 171 1067 221 de
1092 171 1182 222 suo
1210 169 1476 221 stemmate
1510 169 1808 238 respondeat
1833 174 2058 239 quaefita':

301 237 528 300 namque
545 235 614 285 sat
632 231 701 284 cst
720 235 933 290 vocalis,
960 248 1015 285 ut
1041 236 1186 300 loqui
1207 234 1355 301 possit
1369 252 1382 288 3
1407 234 1475 287 sat
1493 237 1714 299 garrula,
1737 249 1793 286 ut
1815 238 1961 302 loqui
1983 255 2070 290 ve·

300 303 373 351 lit.
441 302 503 349 Et
524 301 665 348 ecce!
701 297 858 362 quam
889 296 1201 365 aenigmatica
1222 299 1466 348 locorum
1488 296 1704 349 mixtura
1727 300 1866 350 suam
1895 303 1992 367 ipsa
2013 303 2069 352 fi-

301 365 353 413 bi
375 360 607 426 effigiem.
682 362 986 422 Genealogiam
1016 378 1177 412 meam,
1205 360 1239 410 s1
1271 362 1510 425 quaeritis,
1537 377 1632 427 pro
1666 376 1826 412 matre
1845 365 2070 429 agnosco

300 429 525 491 linguam
543 459 555 480 ,
578 441 672 490 pro
699 438 836 490 patre
860 427 1056 483 Jovcm
1087 427 1293 473 aereum
1310 458 1323 478 ,
1345 440 1520 486 aurem
1539 441 1632 489 pro
1661 423 1954 483 obstetrice,
1975 444 2070 493 pro

301 489 620 539 incunabulis
652 488 819 538 fauces
842 521 854 541 ‚
887 503 980 551 pro
1015 487 1288 536 nutricibus
1325 488 1611 551 pulmones,
1715 489 1846 539 Illud
1874 492 2070 540 malum

304 550 390 607 est,
409 550 553 616 quod
572 566 770 602 caream
790 563 958 601 tutore
974 583 988 604 ‚
1022 546 1138 600 licet
1163 551 1371 615 pupilla:
1408 566 1530 599 nam
1551 549 1671 599 cum
1687 567 1771 601 me
1789 556 2070 618 parturiunt

303 616 458 671 labia,
481 616 677 680 fugant:
715 614 836 664 cum
862 629 947 663 me
967 615 1213 680 recipiunt
1240 629 1381 663 aures
1410 645 1424 666 ,
1449 616 1757 677 extinguunt.
1833 618 1969 667 Hinc
1986 619 2069 666 vix

304 692 444 734 nata,
469 678 708 728 denascor
732 674 923 732 denuo,
943 692 1039 727 nec
1058 673 1127 724 est
1151 676 1360 742 spatium
1395 678 1506 726 vita:
1527 678 1712 734 majus,
1730 676 1892 742 'quam
1951 696 2070 729 uan-

306 756 418 792 tum
455 743 638 791 itineris
659 739 685 790 a
704 740 929 791 faucibus
951 737 1020 789 est
1041 739 1103 788 ad
1126 755 1282 789 aures.
1352 742 1528 787 Nomen
1546 739 1581 790 si
1599 740 1858 805 indagatis,
1880 695 2070 800 affiman-

307 810 415 854 tiam
430 807 612 858 Latini,
618 803 758 865 filiam
788 808 903 851 vocis
917 803 1116 853 Hebraei
1136 819 1220 851 me
1240 805 1526 851 nominant.
1575 804 1676 860 Alii
1688 805 1871 864 jocosam
1892 821 1977 854 me
2000 806 2069 854 di-

312 882 433 920 cunt
458 871 711 929 imaginem:
749 866 824 923 alii
849 868 1107 920 montium
1136 866 1361 916 incolam
1386 899 1399 920 ‚
1434 867 1676 915 sermonis
1704 871 1962 922 nuntiam,
1993 869 2068 917 lo-

308 948 525 1000 quacem
547 946 748 984 auram,
774 932 999 980 animam
1030 931 1291 984 saxorum,
1315 929 1546 979 sororem
1577 929 1752 995 suspirij
1775 963 1788 985 ,
1819 931 2069 994 sylvarum

310 997 580 1047 oraculum
605 994 871 1067 appellant.
939 994 1088 1040 Studia
1109 991 1143 1041 fi
1163 994 1429 1054 inquiritis,
1444 992 1608 1043 fateor
1626 993 1762 1042 nulla
1781 992 1908 1049 sunt,
1930 996 1981 1044 δ(
2002 1007 2072 1044 ta-

303 1075 429 1109 men
465 1055 596 1108 adeo
620 1063 731 1107 lum
766 1055 974 1109 erudita,
996 1068 1050 1104 ut
1069 1071 1250 1105 omnes
1274 1056 1464 1120 linguas
1489 1057 1696 1118 loquar,
1720 1068 1871 1119 atque
1892 1058 2069 1106 intelli-

305 1139 461 1189 gam:
499 1119 629 1172 adeo
665 1121 951 1184 ingeniosa,
984 1131 1039 1168 ut
1074 1118 1320 1183 quidquid
1350 1120 1502 1167 semel
1536 1119 1703 1168 audivi
1725 1155 1739 1171 ‚
1778 1120 2069 1175 didicerim,

307 1199 480 1251 parata
505 1187 656 1234 toties
677 1183 1012 1249 respondere&
1050 1184 1247 1246 quotics
1267 1184 1376 1246 quis
1400 1195 1595 1248 paratus
1616 1179 1685 1230 est
1707 1197 1941 1245 quaerere.
2010 1185 2071 1232 E-

310 1252 488 1314 linguis
531 1247 639 1298 sum
667 1247 830 1296 fateor
862 1280 874 1300 ,
911 1262 1005 1294 nec
1036 1258 1208 1296 tamen
1229 1246 1434 1311 incapax
1457 1245 1521 1295 ad
1553 1245 1910 1309 loquendum:
1947 1261 2068 1295 nam

314 1326 458 1364 muta
480 1312 739 1362 montium
758 1310 979 1360 culmina
1000 1307 1066 1360 fic
1084 1309 1229 1372 loqui
1252 1324 1337 1357 me
1361 1305 1584 1358 docuere
1607 1310 1877 1374 elinguem,
1903 1321 1957 1357 ut
1974 1325 2069 1358 no-

311 1392 382 1428 vo
403 1374 650 1426 miraculo
671 1388 824 1425 voces
851 1372 1062 1422 reddam
1095 1371 1262 1436 saepius
1288 1384 1514 1421 mortuas
1540 1404 1554 1426 ,
1588 1371 1739 1420 semel
1770 1373 1906 1422 vivas
1930 1405 1944 1427 ,
1977 1371 2067 1421 fibi

310 1435 582 1505 superstites
598 1471 611 1491 ,
633 1440 683 1489 &
701 1436 917 1487 haeredes
940 1435 1010 1485 sui
1027 1468 1040 1489 ‚
1073 1451 1182 1499 quae
1208 1434 1396 1483 inflexis
1423 1435 1656 1483 saxorum
1675 1434 1930 1484 scrobibus
1948 1468 1962 1490 ‚
1985 1449 2068 1485 ve-

312 1504 404 1554 luti
428 1501 651 1555 tumuli5‚
668 1500 984 1553 clauduntur,
999 1500 1251 1548 utiterum
1270 1498 1398 1546 nasci
1427 1495 1611 1562 possint
1629 1498 1907 1547 infeliciore
1933 1510 2070 1553 ortu,

349 1565 468 1616 uam
492 1565 682 1615 funere.
751 1565 899 1614 Muta
920 1562 1053 1616 sum,
1074 1561 1263 1615 fateor,
1290 1563 1341 1610 ὃ(
1362 1572 1534 1608 tamen
1552 1561 1791 1623 loquaces
1813 1560 1944 1610 adeo
1962 1563 2072 1610 red-

310 1582 386 1682 ἕο
411 1630 584 1683 lucos,
615 1640 669 1679 ut
706 1626 906 1678 vocales
934 1625 1176 1677 Dodonae
1210 1639 1420 1690 quereus
1444 1656 1458 1677 ⁷
1491 1621 1857 1687 fatidicumque
1887 1640 2068 1673 nemus

350 1709 411 1742 rae
433 1689 633 1755 stupore
654 1702 857 1741 mutum
880 1689 980 1747 jam
1001 1700 1222 1755 torpeat,
1245 1690 1296 1737 δε
1319 1686 1633 1737 conticescat.
1704 1689 1903 1734 Formam
1925 1685 2067 1737 nosse

331 1774 353 1806 ιι
373 1757 563 1821 cupitis,
577 1752 677 1804 fine
697 1753 866 1812 forma
885 1749 970 1807 est,
995 1766 1161 1813 neque
1183 1761 1356 1800 tamen
1381 1749 1650 1799 deformis:
1686 1765 1808 1799 nam
1820 1749 2065 1815 Nympha

316 1819 451 1873 sum,
472 1818 553 1868 sed
583 1816 683 1869 fine
709 1830 955 1881 corpores
985 1817 1183 1881 imago,
1202 1813 1283 1864 sed
1308 1813 1408 1862 fine
1438 1812 1589 1866 facie5
1626 1815 1819 1867 anima,
1849 1813 1932 1863 sed
1963 1813 2066 1864 line

317 1886 446 1936 vita3
483 1882 629 1931 unica
653 1883 703 1933 ὅ(
731 1892 903 1930 tamen
924 1877 1090 1945 saepiuvs
1113 1877 1400 1942 multiplexs
1436 1891 1537 1928 vox
1555 1876 1652 1942 ipsa
1673 1879 1723 1927 ὅ(
1742 1875 2068 1927 simulacrum

317 1947 460 1998 vocis
475 1979 487 2000 ,
512 1945 676 1997 sermo
697 1958 840 1995 verus
863 1945 913 1995 ὅς
933 1955 1104 1992 tamen
1126 1940 1304 2008 pietus,
1325 1955 1436 1990 non
1459 1939 1551 1989 alia
1572 1938 1758 1989 artifice
1772 1973 1785 1994 ,
1805 1938 1959 2003 quam
1980 1954 2067 1989 me

318 2011 431 2075 ipsa.
500 2005 663 2078 Qlod
688 2006 722 2057 fi
742 2006 922 2054 indolem
949 2001 1273 2076 investigetis,
1302 2004 1475 2054 volate
1500 2003 1640 2053 soleo
1663 2002 1764 2052 fine
1822 2004 1986 2058 ermis,
2010 2001 2066 2053 fi-

318 2089 383 2123 ne
404 2087 494 2122 ore
515 2072 681 2137 loqui,
700 2069 802 2119 fine
825 2068 1022 2120 auribus
1046 2068 1339 2119 auicultare:
1375 2066 1496 2130 saepe
1521 2067 1754 2120 minitor,
1799 2065 1862 2114 ed
1885 2065 2068 2129 absque

318 2136 548 2186 cholera:
585 2136 640 2184 sae
679 2150 706 2182 e
724 2145 950 2182 amanter
969 2131 1238 2185 blandior,
1257 2129 1341 2180 sed
1364 2129 1550 2192 absque
1564 2129 1746 2177 corde:
1781 2128 1902 2193 saepe
1919 2131 2068 2179 ratio-

318 2202 491 2254 cinor,
511 2199 592 2248 scd
621 2214 647 2246 a
687 2197 802 2260 sque
821 2207 1018 2245 mente:
1066 2197 1315 2261 promitto
1349 2192 1531 2246 multa,
1553 2190 1673 2241 nihil
1706 2190 1948 2242 observo:
1994 2192 2066 2241 nil

318 2263 496 2311 volens
511 2296 523 2315 ,
547 2259 752 2326 postulo
772 2293 785 2315 ,
807 2272 916 2308 tota
944 2274 1047 2309 vox
1064 2291 1077 2313 ,
1098 2261 1149 2308 <Sc
1175 2271 1360 2306 vocem
1388 2270 1498 2304 non
1517 2255 1711 2304 habeo:
1749 2254 1929 2303 eadem
1952 2255 2065 2305 sum

321 2325 531 2373 diversa:
569 2340 704 2373 nunc
736 2322 936 2388 crispata
965 2324 1018 2371 in
1040 2320 1311 2373 modulos,
1333 2333 1472 2368 aures
1493 2319 1725 2367 mulceo:
1761 2333 1896 2367 nunc
1918 2318 2067 2368 vehe-

322 2385 540 2437 mentius
561 2386 771 2442 intensa,
795 2400 987 2436 terreo:
1016 2400 1154 2435 nunc
1183 2382 1334 2434 smila
1357 2381 1598 2431 emollio:
1646 2382 1733 2431 ubi
1765 2383 1920 2431 vitam
1952 2396 2064 2430 non

318 2450 504 2504 habeo,
527 2464 730 2516 operor,
751 2450 836 2500 ubi
856 2463 1053 2515 operor,
1070 2445 1178 2500 non
1200 2448 1346 2498 vivo:
1384 2441 1510 2495 stans
1531 2446 1584 2494 in
1605 2460 1695 2493 ore
1718 2447 1770 2493 in
1790 2444 1932 2510 plura
1948 2445 2064 2492 loca

320 2512 559 2579 diffugio:
594 2512 770 2578 habito
796 2512 891 2571 ibi,
918 2512 1004 2565 ubi
1031 2528 1142 2565 non
1167 2511 1316 2566 sumz„
1342 2510 1397 2561 in
1422 2509 1602 2561 vicinia
1629 2523 1836 2563 moror,
1859 2509 1910 2556 δε
1938 2507 2062 2556 loco

364 2603 370 2608 ·
1819 2583 1995 2620 careo:
