2177 2905
1261 0 1300 19 Q

404 99 490 159 198
1012 93 1193 155 Oedipus
1213 91 1423 156 Physica&

332 192 644 250 monstrum!
671 191 734 243 ad
758 191 902 258 quod
922 207 1062 242 aures
1080 193 1270 256 erigant
1288 189 1437 241 Midae
1457 221 1472 244 ,
1518 189 1568 240 ὅ(
1591 201 1699 251 quo
1722 187 1904 239 oculos
1931 187 2093 254 pascat

333 261 640 313 Euclionum
663 273 810 307 avara
829 256 1034 307 cohors,
1104 256 1297 305 Plantas
1319 254 1477 303 cernis
1497 269 1511 304 ς
1542 252 1624 302 sed
1647 247 1858 302 minime
1874 253 2093 317 plantas,

332 325 450 387 quia
471 322 769 371 metallicas:
790 321 990 369 metalla
1012 321 1170 368 cernis
1190 351 1203 374 ‚
1226 318 1306 366 sed
1326 313 1537 366 minime
1557 317 1783 370 metalla,
1818 319 1934 379 quia
1957 316 2094 382 plan-

332 399 500 436 tarum
531 382 679 434 instar
699 386 929 435 *viventia
952 401 962 432 z
1000 380 1160 432 verbo
1203 383 1392 439 plantas
1421 381 1578 428 cernis
1600 412 1615 434 ,
1656 380 1736 428 sed
1763 395 1933 428 aureas
1955 383 2004 430 ὃς
2025 381 2106 430 ar?

333 463 563 516 genteas,
588 448 914 511 Chymaeram
935 449 1107 509 utique
1126 443 1392 509 pretiosam
1417 475 1429 497 ‚
1454 446 1569 506 quia
1594 442 1899 491 deauratam·
1935 444 1993 492 In
2010 444 2098 492 Pe-

333 516 497 579 ripato
517 528 601 561 me
627 511 832 565 versari,
853 510 1121 559 credebam
1146 507 1382 556 hastenus
1404 539 1418 560 ‚
1443 506 1524 555 sed
1549 505 1700 556 video
1723 505 2098 570 Pindum,quia

333 578 487 628 video
518 576 754 625 arborem
775 607 787 628 ,
810 589 964 636 quam
986 572 1198 622 Phoebei
1212 571 1456 620 Flamines
1478 585 1597 618 cum
1619 571 1785 634 pomis
1802 571 1959 618 aureis
1972 570 2099 620 cele-

334 643 498 695 brant,
519 643 570 689 in
590 653 805 688 nemore
825 636 988 702 Elyfio
1009 635 1170 688 fitam,
1190 648 1248 683 ac
1267 634 1388 683 Deae
1403 632 1702 697 Proserpinae
1721 633 1965 685 dicatam,
1994 633 2100 683 hoc

337 709 465 756 inter
490 704 583 752 alia
607 698 823 750 maxime
846 699 1083 765 prodigio
1112 696 1383 762 insignem,
1409 694 1554 759 quod
1580 711 1727 744 ramo
1755 711 1860 745 uno
1882 695 2099 753 ejusmo-

98 790 204 850 Virg
232 788 296 837 lg
344 770 394 818 di
415 766 586 817 avulso
625 781 705 811 non
737 763 878 823 deficit
907 764 1020 809 alter
1032 765 1243 811 Aureus,
1264 762 1320 807 Θ
1337 759 1472 818 simili
1495 757 1723 816 frondescit
1755 763 1884 817 virga
1911 763 2096 806 metallo,

100 825 261 906 AEne‘id'
302 825 313 836 ⁶
345 832 516 884 Video
539 829 785 881 Pindum,
814 827 930 889 quia
952 824 1107 874 video
1125 822 1459 886 Hesperidum
1480 820 1659 868 hortos
1692 823 1862 882 pomis
1883 823 2104 874 auriferis

261 889 273 902 ⁰
346 893 568 946 consitos
585 925 598 947 ,
623 887 748 955 quceq'3
765 890 893 950 vigili
901 888 1001 946 sunt
1025 886 1228 939 custodita
1247 888 1447 930 Dracone
1468 882 1603 930 mala
1631 898 1796 931 aurea.
1883 883 2025 947 Qicl
2049 899 2103 936 tu

348 959 411 1008 ad
432 955 546 1007 ista?
614 957 770 1002 MEL:
837 954 915 1001 Te
935 949 1090 998 affero
1115 948 1276 1010 decipi
1300 944 1643 999 vehementer,
1661 943 1698 993 fi
1719 962 1827 995 non
1850 947 1939 997 nisi
1959 952 2013 997 in
2034 949 2106 999 fa-

349 1020 535 1073 buloiis
568 1015 780 1068 Parnaffi
813 1015 962 1077 jugis,
985 1026 1155 1060 aureas
1185 1011 1374 1074 plantas
1401 1011 1781 1074 progerminare
1805 1010 1892 1070 tibi
1918 1013 2107 1076 persua-

350 1087 484 1136 deas,
552 1084 613 1131 Et
635 1083 686 1128 in
716 1080 947 1141 Peripato
971 1071 1202 1124 detexere
1225 1073 1454 1137 Campos
1472 1071 1661 1137 Elysios
1688 1074 1883 1137 antiqui
1909 1079 2108 1127 Demo-

352 1149 486 1199 criti,
510 1145 837 1195 Recentiores
861 1138 1097 1192 Cardani,
1114 1152 1170 1186 ac
1190 1136 1548 1201 Campane'llae,
1569 1136 1793 1185 fabulosa
1813 1142 2111 1204 neutiquam

352 1211 606 1264 Nomina,
628 1206 708 1254 sed
729 1220 838 1268 quae
862 1215 1100 1251 aeternam
1120 1201 1188 1250 sui
1208 1202 1532 1254 memoriam,
1552 1200 1722 1248 litteris
1746 1205 1901 1252 aureis
1925 1201 2108 1268 expres-

352 1277 480 1326 sam,
503 1266 860 1334 consignarunt
880 1263 1175 1316 Posteritati.
1245 1265 1462 1327 Percipe,
1483 1263 1638 1325 quam
1661 1264 1690 1311 s
1714 1263 1922 1315 lendidis
1945 1267 2111 1316 fulcris

352 1335 542 1389 Thefin
578 1333 709 1384 hanc
740 1346 944 1381 auream
975 1328 1189 1378 solident
1217 1328 1341 1377 novi
1371 1329 1423 1375 in
1448 1327 1683 1391 Philosop
1724 1329 1769 1376 ia
1787 1329 2110 1396 Chrysologi.

351 1399 587 1454 Metalla,
610 1399 870 1459 inquiunt,
899 1392 1116 1444 Genesin
1144 1391 1335 1440 habent
1359 1390 1537 1455 plantis
1561 1393 1857 1456 analogam:
1909 1393 2117 1458 perinde

354 1464 604 1515 crescunt,
628 1477 685 1509 ac
711 1460 1022 1508 nutriuntur:
1061 1457 1181 1519 quin
1207 1458 1256 1505 ὃ(
1282 1455 1422 1502 venis
1440 1454 1722 1507 abundant,
1743 1451 1983 1520 porisque
1999 1490 2012 1511 ‚
2034 1472 2117 1505 ve..

357 1530 448 1578 luti
467 1526 688 1575 totidem
708 1520 956 1571 destinatis
984 1520 1247 1568 nutritioni
1267 1520 1492 1581 organis,
1514 1533 1571 1566 ac
1596 1515 1948 1568 instrumentis.
2017 1519 2117 1570 Sed

358 1593 421 1641 ab
452 1590 539 1638 illo
572 1586 850 1652 petendum
885 1584 1193 1633 Graculum,
1224 1584 1304 1629 cui
1334 1580 1567 1644 refragari
1602 1582 1703 1630 fine
1732 1584 1930 1646 piaculo
1957 1599 2118 1632 nemo

360 1651 694 1716 Philosophus
708 1644 886 1713 potest.
955 1643 1113 1695 Testis
1126 1642 1428 1707 estStagirita
1439 1647 1490 1691 in
1500 1646 1677 1707 Cypro
1698 1660 1855 1709 prope
1867 1647 2120 1696 Tirrhiam

361 1717 561 1783 reperiri
584 1713 871 1762 metallum,
896 1709 1038 1772 quod
1053 1708 1238 1756 Incolae
1256 1710 1306 1755 in
1328 1702 1481 1753 frusta
1512 1706 1769 1754 diss'ectum
1798 1709 2028 1757 sementis
2048 1710 2121 1756 in-

363 1778 454 1832 star
486 1794 573 1844 per
602 1791 747 1840 agros
769 1771 1109 1822 disseminent:
1155 1770 1206 1819 id
1239 1766 1367 1817 terra
1399 1768 1640 1818 imbribus
1665 1768 1862 1834 irrigata
1882 1771 2121 1836 paulatim

364 1844 533 1908 augeri
550 1874 562 1894 ,
590 1839 991 1904 progerminare,
1014 1849 1070 1882 ac
1089 1833 1172 1882 ubi
1194 1833 1399 1882 culmen
1426 1835 1642 1881 excrevit
1670 1849 1894 1887 aeneum,
1915 1834 1977 1882 ab
1998 1835 2123 1884 indi-

366 1909 504 1975 genis
524 1906 670 1954 meti,
691 1893 963 1963 colligique
983 1898 1198 1961 segetem
1225 1894 1310 1960 ipsi
1338 1896 1490 1944 Marti
1518 1895 1845 1944 invidendam
1860 1900 2012 1959 ,quja
2031 1897 2124 1947 fer.

368 1985 524 2022 ream.
592 1965 692 2016 Sed
719 1963 979 2012 audiamus
1005 1960 1100 2024 ipsa
1125 1959 1499 2017 hufflsOraculi
1521 1958 1702 2012 verba,
1727 1974 1836 2022 quae
1865 1960 1974 2008 solo
1998 1976 2123 2024 pon-

124 2023 340 2081 Laedmir.
371 2036 488 2084 dere
512 2031 642 2081 hanc
664 2028 974 2079 Sententiam
1000 2024 1231 2075 fulciant:
1269 2025 1381 2068 circa
1402 2022 1618 2082 Philippos
1634 2023 1916 2074 Macedoniae,
1931 2025 2122 2086 inquit,

127 2091 264 2140 audit.
372 2098 546 2147 metalla
579 2091 788 2153 afferunt,
817 2105 997 2153 quorum
1031 2090 1162 2134 etiam
1183 2085 1322 2145 frusta
1351 2096 1585 2145 augentur,
1608 2083 1842 2148 aurumque
1859 2088 2123 2148 producunt,

131 2173 167 2206 ε.
189 2165 269 2212 41·
375 2160 484 2227 quod
505 2157 558 2212 est
582 2153 772 2204 omnibus
785 2152 1061 2215 perspicuum.
1130 2150 1274 2200 Idem
1297 2148 1449 2214 paulo
1471 2146 1698 2200 inferiu85
1733 2150 1881 2196 dicunt
1906 2153 1953 2196 in
1976 2152 2126 2197 Pieria

376 2222 635 2271 Macedoniae
652 2222 860 2266 incertam
888 2217 1113 2279 quamdam
1134 2217 1231 2260 auri
1252 2215 1414 2273 copiam
1433 2210 1486 2258 ab
1505 2214 1693 2274 antiquis
1716 2211 1905 2273 Regibus
1914 2211 2038 2272 fuzffie
2057 2214 2128 2259 de-

370 2285 519 2348 fossam
533 2319 545 2334 ,
568 2297 697 2347 atque
718 2294 901 2345 quatuor
926 2276 1196 2332 existentibus
1210 2275 1372 2334 foveis,
1397 2291 1450 2320 ex
1469 2291 1552 2320 una
1571 2277 1624 2320 ad
1639 2276 1777 2335 palmi
1794 2278 2127 2335 magnitudinem

378 2345 620 2405 excrevzffe.
691 2343 1006 2395 Authoritati
1028 2353 1173 2390 tantae
1189 2339 1221 2389 s1
1243 2339 1362 2403 quid
1387 2338 1501 2387 addi
1525 2335 1703 2402 potest,
1716 2338 1908 2388 addunt
1925 2339 2131 2391 Autho-

381 2428 456 2464 res
471 2445 483 2464 ,
503 2425 612 2459 non
633 2421 739 2462 tot,
760 2409 880 2470 quin
903 2407 1064 2470 plures
1079 2438 1092 2459 ,
1112 2404 1292 2468 quibus
1310 2401 1465 2451 fidem
1487 2417 1668 2464 negare
1691 2402 1813 2464 quid
1834 2403 1967 2452 aliud
1989 2402 2129 2455 effer,

135 2483 191 2530 In
209 2476 325 2527 Suri).
382 2474 537 2540 quarn
567 2471 894 2522 fundamenta
928 2467 1140 2518 historiae
1169 2462 1623 2536 cune‘ta2perfri6ta
1650 2465 1837 2521 fronte,
1867 2466 2130 2516 subruere?

139 2544 238 2594 Ind.
381 2535 542 2592 Testis
557 2533 626 2587 est
648 2535 797 2586 omni
813 2536 1109 2598 exceptione
1129 2530 1292 2591 maior
1303 2531 1474 2583 Petrus
1495 2531 1715 2593 Martyr,
1751 2529 1948 2582 Cothoi
1966 2528 2135 2593 Hispa-

1919 2591 2068 2642 niolae
