2177 2905
429 100 447 137 1
459 88 521 146 84
1035 89 1231 137 Ariadne
1251 86 1439 151 Physica.

483 178 691 231 LEUC:'
750 178 934 232 Casum
954 178 1238 230 funestum!
1273 178 1647 231 lamentabilem
1661 182 1946 242 vocationis
1961 183 2117 234 deser-

361 255 420 292 tae
439 242 900 310 sorten122Neg0tij
934 244 1077 304 hujus
1108 257 1438 294 momentum
1469 242 1625 307 quam
1651 248 1796 310 pauci
1825 259 2116 311 penetrant,

360 305 514 369 quam
544 307 689 356 multi
715 322 974 373 penetrare
1009 308 1270 357 recusant?
1338 309 1496 353 MEL:
1531 309 1604 357 lta
1639 306 1709 357 est
1744 327 1754 357 :
1792 309 1896 358 haec
1926 311 2116 368 inimici

361 366 431 417 est
450 366 651 434 stropha
677 403 690 424 ,
722 384 775 420 ut
812 373 1010 421 nullum
1039 374 1303 436 negotium
1344 370 1615 428 majoribus
1655 374 1911 437 perturbet
1950 374 2117 427 dolis,

359 431 515 494 quam
536 434 678 495 quod
703 437 981 484 maxim‘um
1005 469 1018 489 ,
1044 449 1226 497 nempe
1255 436 1520 498 negotium
1543 438 1886 499 negotiorum.
1956 439 2112 486 Nunc

361 508 589 544 mentem
614 511 831 562 occupat
853 514 936 563 per
956 498 1229 562 crepundia
1252 529 1264 550 ,
1303 510 1356 546 ut
1392 498 1565 547 otiosis
1597 495 1728 547 hisce
1755 499 1967 563 negotiis
1991 498 2113 548 fluat

317 600 319 602 .
360 571 473 607 aetas
496 592 509 613 ,
534 562 582 609 ὅ(
605 559 773 608 effluat
803 573 1002 626 tempus
1034 560 1340 609 deliberandi
1370 561 1433 609 de
1464 573 1732 626 tempores
1767 561 1954 611 horum
1978 560 2114 610 teffe-

360 637 447 670 ra:
483 623 800 684 nolitesplliciti
820 622 891 690 eff}
910 629 953 671 in
976 623 1214 678 crastinum,
1284 623 2110 688 Nuncmilleobstaculisimpedit,

360 699 425 733 ne
453 685 753 737 ass'umatur3
788 688 867 736 vc}
895 688 1089 750 satagit,
1113 671 1441 797 thratur
1462 720 1474 740 ,
1501 700 1587 736 aut
1608 687 1909 752 assumptum
1940 686 2113 737 denuo

289 777 297 785 ·
359 749 751 814 interrumpatur
772 767 800 803 ε,
819 751 1095 799 identidem
1124 765 1239 798 men
1305 752 1508 813 ingerit,
1530 753 1630 812 quid
1649 763 1748 810 opus
1772 751 1968 796 eleffiione
1983 751 2113 810 &plu-

295 852 300 858 .
330 830 345 838 ⁶
359 810 479 858 ribus
495 813 582 871 vijs
600 815 777 858 venitur
797 816 993 861 Rvmaem.
1063 815 1218 862 Nunc
1242 816 1507 876 negotium
1529 812 1694 859 turbat
1716 812 2042 875 assumptum,
2057 826 2112 861 ut

296 872 300 877 ’
359 887 621 938 peragatur
643 891 737 938 pro
767 876 958 928 forma,
980 879 1028 925 δε
1050 875 1150 924 fine
1172 875 1339 922 forma
1364 891 1376 924 3
1413 874 1561 921 multi
1590 876 1833 938 incipiunt
1853 906 1866 926 ,
1900 877 1949 924 &
1970 877 2114 939 pauci

359 937 572 987 finiunt:
609 938 659 987 hi
681 938 890 988 horrent
911 940 1105 988 Divinae
1126 937 1417 985 Voluntatis
1446 937 1719 986 revelatam
1744 938 2007 990 notitiam,
2043 938 2112 987 illi

361 1001 619 1066 expectant
649 1017 735 1066 per
758 1003 967 1066 angelos
994 999 1331 1050 revelandam.
1402 1001 1556 1048 Nunc
1579 997 1912 1049 constantiam
1941 1001 2112 1049 infrin-

359 1079 475 1128 gere
503 1066 672 1112 nititur
707 1082 717 1111 ;
755 1079 841 1128 per
863 1065 1062 1113 amicos
1092 1063 1258 1111 suadet
1285 1095 1298 1115 ,
1329 1074 1383 1110 ut
1408 1065 1584 1125 exequi
1611 1062 1841 1112 differant
1865 1079 1878 1114 ς
1915 1079 2001 1128 per
2025 1065 2111 1113 Pa-

359 1140 546 1180 rentes,
568 1139 620 1175 ut
642 1128 894 1192 negligant
913 1145 925 1180 3
962 1143 1047 1191 per
1068 1127 1228 1175 malos
1240 1127 1436 1180 Socios,
1454 1139 1507 1175 ut
1525 1126 1616 1174 sese
1636 1127 1845 1175 reddant
1861 1127 2111 1190 indignos.

361 1189 477 1239 Imo
499 1187 767 1254 postquam
787 1193 886 1248 jam
908 1192 969 1240 ad
996 1203 1214 1240 aratrum
1237 1188 1411 1238 misere
1434 1185 1645 1238 manum
1671 1223 1683 1244 ,
1711 1191 1906 1238 laborat
1923 1223 1936 1243 ,
1964 1203 2019 1238 ut
2039 1205 2112 1238 re-

362 1253 565 1318 spiciant
587 1252 739 1303 retro.
802 1258 877 1307 En
897 1267 1026 1317 quot
1048 1254 1276 1318 negotiis,
1291 1253 1393 1301 hoc
1423 1268 1581 1301 unum
1603 1257 1867 1317 negotium
1890 1253 2116 1302 Daemon

360 1317 559 1366 turbare
588 1318 790 1382 satagat,
816 1332 869 1368 ut
896 1319 976 1367 vel
1010 1318 1071 1366 ab
1110 1314 1254 1366 hoste
1288 1317 1492 1380 colligas
1524 1319 1713 1380 grande
1753 1318 2106 1373 momentumg!

361 1380 461 1429 Sed
483 1380 586 1428 hoc
605 1381 766 1429 fatum
790 1379 858 1430 est
876 1384 1187 1440 juventutis,
1209 1381 1385 1429 nullibi
1408 1395 1568 1427 errare
1600 1379 1926 1441 frequentius,
1956 1378 2114 1442 quam

360 1446 413 1494 in
443 1445 521 1492 via
542 1446 851 1499 vocationis,
883 1446 966 1494 ubi
987 1460 1146 1493 nemo
1166 1456 1322 1496 errat,
1344 1442 1430 1492 nifi
1450 1455 1566 1492 toto
1589 1444 1728 1493 coelo
1752 1443 1959 1492 aberret.
2007 1444 2110 1494 Uti-

359 1523 481 1555 nam
501 1522 607 1555 non
626 1510 772 1557 toties
790 1505 1022 1557 testatum
1044 1507 1147 1556 hoc
1169 1508 1315 1556 nobis
1338 1507 1558 1555 facerent
1585 1504 1832 1555 tristiffimi
1860 1506 2109 1556 Annales!

360 1566 390 1619 ὲ
411 1570 590 1632 quibus
609 1574 816 1620 unicum
838 1573 886 1618 in
897 1572 1155 1619 Toletano
1170 1570 1482 1634 Philosopho
1494 1571 1781 1635 exemplum
1794 1585 1930 1634 cape.
1959 1570 2114 1624 Huic,

361 1632 595 1696 neglc&ae
616 1636 897 1682 vocationis
917 1649 1028 1682 reo,
1050 1633 1169 1681 cum
1187 1636 1238 1681 in
1261 1648 1427 1695 agone
1445 1633 1692 1696 naufrago
1708 1665 1719 1686 ,
1743 1629 1918 1680 frustra
1937 1632 2111 1680 obtru-

363 1696 562 1745 deretur
584 1698 888 1760 poenitentiae
908 1695 1099 1760 tabula,
1123 1695 1451 1743 clamantibus
1468 1697 1519 1742 in
1538 1696 1750 1745 Coelum
1772 1695 1967 1743 Amicis
1989 1711 1998 1741 ε
2031 1696 2108 1740 Fi-

363 1772 440 1805 ant
457 1774 580 1805 aures
603 1772 681 1804 ται
710 1760 969 1818 intendentes
990 1761 1008 1804 !
1052 1756 1214 1807 subito
1249 1755 1483 1806 Crucifixi
1520 1756 1705 1821 effigies
1733 1791 1747 1811 ,
1794 1757 2017 1806 resolutis
2047 1756 2110 1805 de

361 1837 511 1872 cruce
531 1821 739 1877 brachiis
761 1814 996 1870 o‘ss‘furare
1020 1821 1116 1870 visa
1129 1817 1198 1868 est
1225 1834 1365 1868 aures
1390 1852 1403 1872 ‚
1443 1818 1627 1880 hancq3
1648 1824 1875 1869 emittere
1901 1819 2109 1868 horren-

367 1887 486 1934 dam
506 1900 693 1933 vocem
716 1899 727 1933 ξ
764 1885 810 1931 V
803 1887 924 1930 ocavi
942 1919 955 1935 ‚
984 1885 1040 1930 &¹
1059 1882 1229 1935 renussti
1254 1903 1270 1935 ;
1306 1895 1378 1941 ego
1401 1897 1562 1945 quoque
1582 1886 1626 1928 in
1641 1886 1823 1929 interitu
1851 1895 1925 1941 tuo
1943 1882 2104 1933 ridebo,

367 1953 420 1998 <sy
434 1947 706 2006 subfiannabo.
774 1946 877 2008 Sub
897 1946 1076 2007 quibus
1098 1946 1260 1995 verbis
1291 1944 1545 1993 infelicem
1567 1946 1768 2010 Sophus
1797 1943 1981 1994 efflavit
2008 1947 2108 1993 ani-

367 2027 524 2060 mam.
592 2012 718 2060 Satis
743 2008 811 2065 est
822 2010 1114 2061 Leucothee
1135 2027 1146 2057 :
1171 2009 1388 2057 domum
1407 2008 1515 2061 abi,
1543 2011 1592 2059 δε
1612 2007 1755 2066 hujus
1775 2009 2022 2056 sententiae
2044 2008 2111 2055 le-

368 2090 430 2139 ge
459 2074 774 2140 paraphrasin
799 2107 814 2131 ,
854 2087 1011 2138 quam
1037 2073 1102 2125 ad
1127 2071 1386 2122 demortui
1415 2071 1649 2122 tumbam
1676 2071 1828 2123 affixit
1851 2072 1921 2122 D.
1943 2072 2107 2122 Bona-

368 2150 596 2190 Ventura·

1733 2443 2007 2534 SAR-
