2177 2905
681 73 800 133 cim
824 75 1132 140 Phizoffiphica.
1648 66 1712 136 99

18 168 178 223 minet.
198 167 227 220 ἐι·
243 163 490 235 praestigiis
514 179 622 216 non
644 164 834 233 semper
857 169 1145 218 immunem
1172 165 1301 217 hanc
1316 200 1328 221 ‚
1347 179 1462 218 reor
1483 198 1496 222 ‚
1527 166 1778 231 experien-

24 233 171 280 tiam.
271 233 411 282 Nam
432 225 598 296 potest
617 229 906 280 daemonfic
932 231 1141 280 illudere
1165 230 1403 282 senfibus,
1430 242 1484 280 ut
1512 224 1661 294 egesti
1687 227 1779 277 hu-

30 309 204 344 mores
228 293 322 343 effe
349 294 496 343 cultri
528 306 821 357 appareant,
838 290 1062 344 maxim-e
1089 293 1126 346 ..fi
1147 291 1309 344 subito
1343 293 1659 344 evanescant3
1695 290 1777 340 vel

21 358 172 420 -quod
194 358 384 408 veritati
401 359 809 413 convenientius,
828 355 995 422 potest
1020 356 1299 409 verissimos
1333 357 1520 405 cultros
1536 389 1548 409 ,
1573 351 1776 403 occulta

27 423 214 470 virtute
229 453 243 474 ,
264 423 313 468 in
332 434 389 468 os
412 420 636 483 ingerere
650 422 740 473 J&
758 435 884 469 mox
907 418 1081 485 aperta
1101 436 1329 485 egerere,
1350 435 1458 483 quae
1491 419 1666 468 omnia
1696 431 1776 483 pa·-

28 485 214 548 nurgiae
234 483 412 546 Stygiae
432 481 670 547 sphaeram
694 498 793 531 nec
817 485 1096 537 excedunt,
1118 499 1216 532 nec
1238 483 1485 548 superant.

150 545 350 596 LEUC:
411 545 487 593 Su
525 545 686 593 ersunt
714 545 835 601 alia,
856 561 965 608 qua:
992 547 1363 596 Cacodaemoni
1393 545 1777 610 praerogativam

19 604 284 657 adstruunt
309 607 449 672 supra
469 560 736 658 §laturam
832 607 1050 659 Norunt
1066 610 1334 658 ¹tribunalia
1354 607 1609 660 Nemesis,
1634 607 1777 655 scele-

20 685 142 720 rum
161 670 384 724 vindicis,
395 667 544 734 quod
560 671 853 720 Foederatos
871 687 932 719 ex
950 672 1120 736 paeto,
1142 674 1422 721 adamantis
1441 668 1590 720 instar
1616 670 1680 719 fic
1700 669 1779 719 sae-

26 749 91 799 pe
110 734 331 789 induret,
345 746 405 782 ut
421 736 551 783 inter
569 735 813 796 equuleos
831 734 944 789 laeti,
966 738 1094 784 inter
1112 739 1292 783 mortis
1313 747 1568 783 tormenta
1588 737 1776 782 immo-

27 798 64 844 ti
88 797 348 860 imbellem
365 797 665 860 exprobrent
681 797 822 846 *ferro
839 799 1024 852 aciem,
1036 797 1072 846 ,fi
1091 797 1255 846 minus
1274 797 1590 850 insensibiles,
1605 796 1668 844 ad
1687 798 1779 845 mi·

28 861 230 909 nimum
257 858 510 912 insensati,
531 862 581 908 &
604 859 796 908 doloris
826 862 995 910 omnis
1026 874 1270 926 expertes.
1369 858 1582 910 Norunt
1601 860 1778 908 Martis

28 923 248 973 Alumni
266 921 654 987 'spuriidmbdles
667 937 859 986 vappae,
870 923 919 971 se
933 921 1153 973 stabilito
1173 926 1451 974 cumOrco
1468 922 1664 986 foedere
1689 936 1782 987 po·

26 984 146 1034 fitos
169 997 303 1034 extra
321 986 406 1033 teli
422 983 624 1041 jaerum,
641 986 697 1034 2&
712 984 912 1034 Achille
930 984 1089 1049 magis
1111 987 1509 1036 invulnerabiles.
1579 988 1640 1035 Et
1658 983 1783 1048 quid

27 1048 93 1099 ad
112 1046 200 1097 ista
222 1046 571 1111 Philosophica
589 1048 766 1097 Circe?
802 1064 909 1111 quo
927 1049 1095 1097 modo
1122 1049 1270 1098 solvit
1293 1050 1399 1098 haec
1416 1048 1672 1114 paradoxa
1687 1080 1701 1101 ‚
1725 1057 1783 1096 ut

27 1123 198 1161 tamen
223 1111 373 1160 salvet
394 1112 599 1160 Natmae
618 1113 760 1168 Jura,
781 1127 878 1160 nec
907 1110 1135 1161 diflblvat
1163 1109 1367 1161 statuta?
1432 1115 1589 1159 MEL:
1657 1111 1783 1160 Prae-

27 1176 324 1239 tergreclitur
353 1188 463 1223 non
492 1173 607 1222 raro
635 1175 839 1224 daemon
861 1177 1065 1224 Naturae
1088 1176 1246 1239 leges,
1273 1187 1382 1224 utut
1409 1175 1602 1223 nullam
1630 1186 1782 1223 trans-

27 1237 294 1303 grediatur.
392 1238 514 1286 Haec
537 1235 564 1285 a
592 1237 775 1286 dolore
800 1240 1116 1292 immunitas,
1138 1241 1389 1287 orioinem
1421 1239 1543 1303 saepe
1573 1237 1723 1287 trahit
1752 1235 1784 1286 ὲ.

27 1300 336 1365 pharmacis,
355 1304 505 1364 opio,
535 1300 740 1355 solano,
763 1303 814 1352 ὃς
844 1302 944 1358 alijs
964 1334 977 1356 ,
1008 1302 1187 1364 quibus
1217 1277 1462 1351 humores
1491 1300 1685 1354 turbat,
1705 1298 1782 1349 so-

27 1379 210 1429 porem
235 1366 496 1416 conciliat,
520 1379 800 1414 nervorum
819 1367 1034 1429 origines
1044 1359 1293 1417 ‘obstruit,
1315 1363 1472 1413 sensus
1491 1361 1782 1430 stupefacit,

29 1423 460 1490 sensationemque
479 1428 690 1491 impedit
708 1428 804 1491 ipsa
833 1430 984 1477 etiam
1015 1428 1116 1477 Ars
1146 1427 1387 1478 humana.
1489 1424 1642 1477 Certe
1663 1427 1784 1476 Car-

28 1490 186 1539 danus
217 1487 286 1538 est
304 1489 538 1544 Author,
566 1488 709 1553 quod
741 1491 802 1540 ab
824 1493 1098 1558 Empyrico
1127 1490 1392 1556 quondam
1411 1491 1562 1540 Gallo
1591 1489 1677 1538 fibi
1705 1506 1785 1538 ex-

28 1553 211 1604 hibitus
234 1554 450 1617 lapillus,
474 1556 553 1602 cui
572 1552 690 1602 cum
713 1569 862 1603 acum
891 1557 1149 1620 ingentem
1180 1554 1488 1608 affricuiss'et‚
1517 1554 1661 1603 nullo
1691 1554 1784 1602 do-

27 1618 138 1666 lore
175 1616 434 1667 brachium
462 1614 743 1679 penetrarit.
844 1619 906 1666 Et
924 1617 1157 1680 nunquid
1186 1621 1277 1667 erit
1299 1618 1499 1667 difficile
1528 1617 1780 1666 Botanico

28 1681 224 1744 Stygio,
242 1680 489 1736 ejusmodi
515 1680 736 1745 lapillos,
752 1681 837 1730 vel
858 1680 1036 1732 herbas
1069 1685 1394 1746 conquirere,
1414 1675 1670 1743 coeloque
1694 1695 1783 1745 per

28 1745 305 1807 Megaeram
339 1743 719 1793 medicamento
739 1776 758 1798 ,
786 1744 1101 1809 paradoxum
1130 1745 1221 1794 suis
1249 1746 1458 1794 induere
1492 1741 1781 1808 stuporem?

28 1805 147 1855 hinc
171 1807 408 1854 falluntur
432 1806 612 1855 insulsae
632 1808 820 1855 Lamiae
834 1840 847 1860 ‚
869 1807 903 1855 si
920 1806 1051 1856 hanc
1074 1809 1313 1858 virtutem
1334 1807 1578 1856 cineribus
1592 1840 1605 1860 ‚
1624 1809 1783 1871 ingui-

29 1870 82 1917 ni
102 1868 326 1920 infantis,
349 1881 462 1915 ante
492 1868 733 1931 baptisma
756 1869 941 1922 enecti,
968 1870 1213 1934 deglutito
1238 1886 1392 1934 apum
1419 1872 1573 1933 Regi,
1603 1871 1683 1922 vel
1713 1870 1782 1918 al·
1828 1873 1831 1877 ’

29 1931 189 1995 ligatis
216 1933 419 1994 corpori
450 1930 809 1978 membranulis
831 1962 844 1983 ,
883 1946 1002 1979 cum
1029 1945 1169 1980 certo
1197 1932 1539 1981 charaeterum
1566 1947 1775 1995 genere,

31 2008 117 2043 aut
137 1997 286 2043 etiam
309 1992 550 2041 susurrato
574 1993 713 2041 malo
733 1995 941 2042 carmini
961 1993 1194 2042 tribuant.
1293 1995 1545 2043 Falluntur
1565 1997 1777 2044 Mavor-

29 2059 90 2106 tis
113 2055 320 2122 probra,
342 2054 375 2104 fi
397 2056 442 2104 se
459 2056 747 2105 vulneribus
767 2068 1025 2121 exemptos
1050 2069 1242 2122 putant,
1263 2055 1328 2106 eo
1349 2055 1492 2120 quod
1512 2073 1651 2107 arma
1673 2074 1776 2109 cer-

28 2131 88 2168 to
117 2124 213 2169 ritu
247 2122 527 2173 incantent,
555 2119 788 2186 sacrilego
816 2121 932 2168 ausu
959 2119 1194 2170 Crucifixi
1221 2124 1494 2184 imaginem
1525 2136 1777 2186 compun-

29 2196 176 2247 gant,
202 2181 283 2231 vel
302 2181 335 2230 fi
365 2185 579 2245 periapta
600 2185 833 2245 quaedam
859 2183 1041 2238 ferant,
1075 2183 1434 2232 chara&eribus
1469 2186 1678 2248 Magicis
1702 2188 1777 2236 in.

25 2247 215 2312 lignita,
236 2246 316 2295 vel
333 2244 367 2293 sl
391 2248 643 2294 orationes
664 2246 986 2300 deblaterent,
1010 2261 1130 2309 quas
1148 2246 1394 2310 infignitas
1421 2253 1594 2307 magnis,
1615 2247 1670 2296 ut
1695 2249 1782 2302 lO-.

27 2324 280 2377 quuntur,
302 2310 427 2356 DEI
445 2308 701 2360 nominibus,
723 2311 866 2360 Divo
892 2311 1082 2364 Leoni,
1107 2311 1185 2359 vel
1210 2311 1403 2360 Carolo
1431 2312 1628 2374 Magno
1652 2311 1777 2363 blas-

29 2377 222 2443 phemo
251 2372 520 2421 mendacio
554 2372 792 2421 tribuunt.
893 2374 1172 2428 Falluntur‚
1196 2376 1427 2437 inquam,
1453 2390 1573 2422 nam
1592 2374 1696 2423 haec
1719 2375 1773 2423 fi-

32 2455 131 2505 gna
153 2437 260 2485 sunt
280 2434 476 2484 tantum
500 2436 626 2500 paeri
656 2432 836 2484 scelesti
862 2436 1070 2491 indicia,
1095 2436 1272 2500 quibus
1293 2436 1459 2503 pofitis
1494 2453 1551 2486 ex
1575 2438 1771 2488 Medeae

31 2499 453 2569 pharmacopolio
471 2500 638 2566 Stygia
665 2499 877 2615 applicffi:
904 2499 1274 2556 medicamenta
1292 2533 1308 2559 ‚
1338 2513 1422 2553 aut
1449 2516 1538 2570 per
1566 2498 1775 2572 affisten·

903 2576 933 2610 2
1590 2575 1713 2615 tiam
