2177 2905
385 113 474 157 250
921 96 1075 156 Hydra
1093 93 1220 149 nostri
1241 97 1460 156 temporis.

324 188 426 238 suas
459 185 691 234 adoraret
721 181 1017 248 impensius,
1038 183 1217 231 alienas
1253 178 1377 232 vero
1409 181 1738 245 vilipenderet
1767 180 2071 246 protervius:

325 252 442 300 hinc
467 244 536 296 est
551 281 562 299 ,
591 244 734 309 quod
750 248 1054 295 Societatem
1076 246 1229 303 JESU
1258 245 1483 293 ambiens
1500 277 1512 297 ,
1528 244 1608 293 sed
1622 245 1866 309 repulsam
1892 243 2047 309 passus
2063 277 2076 298 ,

324 316 376 363 in
399 310 624 361 vindistae
649 323 858 374 partem,
873 309 936 357 ad
955 309 1280 357 evertendam
1305 310 1404 364 ejus
1430 306 1713 357 dostrinam
1734 306 2077 371 Augustinum

326 377 470 426 suum
506 373 784 435 (ilacrymis
819 370 1044 421 Ecclesiae
1075 373 1310 420 maternis
1339 368 1705 434 dignissimum,
1738 373 1854 433 quia
1876 371 2081 420 Haeteti-

327 454 445 488 cum
467 438 490 495 >
513 437 892 488 elucubraverit,
907 436 1105 499 privatae
1128 435 1435 484 aemulationi
1450 448 1535 497 per
1565 435 1956 483 innumerorum
1979 434 2081 482 ani-

327 517 538 552 morum
567 502 839 563 perniciem
867 498 1105 548 litaturuS.
1174 499 1271 547 Hic
1300 498 1449 562 proin
1471 493 1781 560 Augustinus
1813 498 1892 545 vix
1915 497 2083 546 lucem

326 565 523 630 aspexit,
539 565 659 612 cum
680 562 954 610 declaratus
980 558 1049 609 est
1067 560 1155 610 sibi
1177 557 1429 614 dissimilis,
1444 561 1560 622 quia
1582 560 1783 624 spurius,
1797 562 1847 610 ὃς
1871 576 1927 608 ex
1943 562 2085 623 quin·
2148 558 2153 561 ’

329 644 429 692 que
449 623 684 676 monstris
715 624 963 674 conflatus
985 626 1239 674 Haereseos
1268 623 1489 672 abortus,
1592 624 1835 687 Qinque
1862 621 2085 687 proposi-

286 718 310 731 ·-
327 695 491 740 tiones
510 690 736 751 intelligo
751 722 762 741 ,
784 691 833 736 in
858 687 999 736 Orbe
1019 686 1295 736 Catholico
1319 686 1559 739 famosas,
1581 688 1628 735 δε
1656 689 1934 734 etiamnum
1958 687 2084 743 aJo-

327 757 401 803 vis
422 755 648 803 Romani
670 753 881 800 fulmine
903 750 1123 800 fumosas
1138 783 1150 802 ,
1176 764 1391 811 quarum
1412 750 1649 801 secunda,
1671 761 1960 796 caeterarum
1981 748 2087 811 spu-

329 821 399 868 ria
421 819 615 870 Mater,
637 818 688 863 in
711 812 835 862 statu
855 815 1059 863 Naturae
1082 813 1218 877 lapsae
1242 813 1394 858 talem
1420 812 1632 871 gratiam
1664 806 1858 863 astruit,
1884 813 1953 855 cui
1984 826 2090 856 nun-

331 897 457 945 quam
486 878 704 937 refiftitur,
727 893 783 925 ac
807 876 1021 940 proinde
1049 875 1249 924 homini
1268 871 1549 920 libertatem
1568 872 1782 935 denegat
1803 871 2089 921 indifferen-

334 946 428 992 tiae.
498 941 778 991 Videbatur
800 939 1052 992 Orbieiam
1074 931 1379 1000 prostratum
1402 933 1691 984 aRomano
1707 935 1923 984 Hercule
1938 951 2088 986 mon-

335 1003 518 1065 strum:
541 1003 620 1051 sed
642 1002 903 1052 videbatur
920 998 1276 1048 solummodo:
1300 1013 1420 1045 nam
1440 997 1612 1046 habuit
1630 997 1941 1062 Podalyrios,
1957 999 2088 1048 clan-

339 1069 513 1118 culum
535 1063 733 1114 emissos
755 1064 816 1111 ab
841 1063 1014 1117 Orco,
1040 1064 1125 1124 qui
1153 1058 1325 1124 spuma
1353 1058 1379 1110 ὲ
1403 1060 1608 1110 Cerberi
1640 1060 1863 1109 faucibus
1895 1062 2087 1110 desum-

342 1130 441 1196 pta,
458 1130 622 1178 sanare
643 1124 916 1175 institerant
934 1138 1035 1174 tam
1060 1125 1274 1173 crudum
1293 1125 1489 1173 vulnus.
1560 1122 1731 1177 Fuere,
1745 1126 1830 1186 qui
1848 1123 2089 1190 negarant

338 1195 637 1243 damnatum
660 1185 1000 1254 Augustinum
1020 1188 1231 1246 Jansenij
1249 1222 1261 1243 ,
1291 1184 1354 1236 eo
1383 1184 1527 1251 quod
1551 1186 1672 1234 liber
1693 1187 1904 1236 censurae
1926 1192 2088 1251 virgu-

338 1259 395 1306 1ae
415 1273 523 1305 non
546 1255 601 1304 fit
625 1253 889 1310 subjeetus:
913 1253 987 1309 alij
1014 1251 1301 1304 asserebant,
1314 1251 1757 1300 condemnationis
1769 1251 1965 1300 Bullam
1980 1266 2088 1299 non

340 1320 428 1370 nisi
450 1323 501 1369 in
520 1320 695 1382 capite,
717 1315 767 1366 ὃς
787 1316 921 1364 calce
942 1315 1150 1373 Jansenij
1173 1329 1461 1363 memorem
1476 1346 1488 1368 ,
1512 1312 1766 1362 methodo
1788 1311 1997 1363 minime
2020 1315 2089 1360 de-

344 1382 496 1442 cestui,
521 1382 603 1430 sed
632 1378 884 1430 narrativd,
906 1375 1139 1441 adeoque
1166 1376 1536 1443 propositiones
1566 1392 1673 1425 non
1699 1375 1785 1424 nisi
1805 1378 1855 1424 in
1877 1392 2087 1442 genere,

344 1443 582 1508 sensuque
599 1478 610 1498 ,
633 1444 687 1492 ut
712 1444 996 1505 loquimur,
1023 1442 1262 1497 naturali,
1297 1441 1323 1489 a
1350 1455 1659 1502 quocunque
1679 1439 2013 1504 proferantur,
2028 1439 2093 1488 es-

342 1511 388 1558 se
408 1506 646 1573 percussas
667 1503 973 1571 Apostolico
999 1505 1228 1553 fulmine.
1296 1503 1450 1553 Fuere
1466 1536 1478 1556 ,
1506 1507 1591 1566 qui
1610 1515 1848 1567 negarent
1870 1503 2091 1569 proposi-

343 1575 508 1620 tiones
531 1571 788 1619 damnatas
824 1568 894 1626 (si
916 1572 1130 1632 primam
1152 1569 1376 1633 excipias,
1394 1570 1442 1616 δε
1466 1566 1672 1630 quidem
1692 1567 1719 1615 a
1739 1580 1979 1616 contextu
2001 1566 2090 1616 suo

345 1633 564 1684 avulsam
589 1632 610 1689 )
644 1635 696 1679 in
724 1629 1015 1694 Augustino
1042 1631 1253 1688 Janseiiij
1288 1631 1350 1678 de
1381 1631 1540 1678 verbo
1572 1629 1666 1678 effe
1697 1641 1986 1684 contentas,
2011 1629 2093 1678 sed

345 1699 550 1746 unicam
573 1698 623 1743 in
647 1695 734 1742 illo
755 1693 879 1740 tradi
901 1694 1125 1742 Gratiam
1142 1693 1203 1739 de
1227 1693 1271 1739 se
1293 1691 1566 1739 efficacem.
1669 1689 1822 1739 Fuere
1849 1693 2091 1754 denique,

351 1761 437 1823 qui
462 1769 723 1822 negarent,
749 1754 963 1809 sensum,
985 1769 1140 1816 quem
1168 1756 1431 1802 continent
1463 1752 1830 1817 propositiones
1862 1754 2094 1802 fulmina-

352 1839 436 1876 tae,
456 1824 508 1870 in
533 1816 821 1883 Augustino
843 1818 1051 1876 Jansenij
1076 1819 1300 1880 reperiri,
1322 1814 1386 1863 co
1420 1814 1563 1877 quod
1595 1816 1819 1862 mitiores
1844 1829 2093 1865 mereatur

352 1888 649 1948 Interpretes
671 1894 834 1930 tantus
858 1880 1090 1929 Anthor:
1123 1883 1171 1928 δε
1196 1879 1297 1926 lioc
1314 1876 1801 1936 Fac't‘umJanfienianam
1821 1880 2094 1942 appellant:
2116 1891 2119 1893 “

354 1949 574 1998 cuicum
598 1947 900 1995 contrariam
932 1942 1133 1992 videant
1157 1940 1378 1991 Ecclefiae
1412 1940 1718 1989 decisionem
1743 1973 1757 1994 ,
1783 1941 1903 1990 illud
1933 1941 2096 1991 solum

352 2013 669 2076 ogganniunt
682 2041 695 2062 ‚
715 2008 776 2056 ab
798 2005 1008 2057 Ecclesia
1028 2008 1079 2054 in
1105 2006 1244 2052 Faffis
1264 2021 1344 2050 non
1362 2005 1569 2050 revelatis
1593 2004 1701 2067 plus
1719 2019 1827 2052 non
1845 2006 1986 2068 exigi,
2008 2003 2095 2053 nifi

353 2075 701 2125 reverentiam,
726 2071 1013 2119 habendam
1036 2065 1212 2121 Eullae,
1236 2066 1380 2130 quod
1411 2065 1494 2131 ipsi
1521 2067 1768 2121 facerent,
1791 2070 1841 2116 ὅ(
1872 2064 2099 2130 quaestio-

353 2153 475 2187 nem
495 2134 771 2197 juris,quod
789 2136 1016 2182 attineret
1031 2166 1043 2185 ,
1064 2128 1373 2197 Apostolico
1393 2131 1619 2180 Culmini
1641 2143 1790 2195 caput
1810 2130 2004 2194 penitus
2026 2134 2099 2179 in-

356 2201 614 2250 clinarent.
715 2199 834 2246 Haec
856 2197 953 2249 illi,
975 2197 1028 2243 in
1054 2195 1141 2244 suo
1171 2194 1304 2243 sensu
1333 2194 1400 2241 sat
1430 2192 1765 2247 abundantes,
1788 2189 2101 2256 firmiterque

356 2261 562 2329 persuasi
578 2295 589 2313 ,
615 2262 714 2310 hoc
736 2257 1111 2308 diffinitionum
1132 2260 1311 2322 clypeo
1328 2290 1339 2310 ,
1362 2257 1459 2313 jam
1483 2256 1675 2320 pridem
1700 2257 1912 2318 pertuso,
1939 2257 2103 2315 Janse-

355 2329 497 2375 nium
513 2325 719 2376 testum,
734 2322 943 2381 jansenii
958 2323 1194 2371 Fautores
1218 2333 1351 2370 tutos
1365 2353 1379 2375 ,
1391 2319 1658 2368 invincibili
1677 2318 1798 2368 stare
1813 2320 1898 2369 sub
1911 2323 2099 2370 Lauro.

356 2389 474 2439 Imo
500 2389 591 2436 fuit
611 2403 668 2435 ex
699 2388 787 2434 illis
812 2386 1135 2449 Qesnellus,
1164 2385 1244 2433 cui
1264 2382 1518 2432 Protervia
1552 2382 1764 2432 firmiori
1793 2383 2002 2448 chalybe
2030 2400 2103 2434 ar-

359 2450 521 2501 marat
544 2451 883 2510 frontcm,qui
901 2451 951 2496 in
974 2450 1051 2496 sua
1072 2448 1211 2512 supra
1233 2462 1427 2496 novum
1441 2442 1821 2495 Testamentum
1844 2446 2104 2511 paraphra-

362 2514 413 2573 si,
428 2510 650 2579 Magistri
671 2527 879 2568 errores,
893 2509 950 2563 ea
968 2511 1230 2570 subtilitate
1254 2508 1599 2567 disseminavit,
1612 2522 1665 2561 ut
1680 2525 1737 2561 ex
1752 2512 1973 2586 quinque
1995 2509 2103 2574 plus

1883 2587 2046 2635 quamv
