2177 2905
384 71 479 116 222
997 66 1146 128 Janus
1177 63 1384 127 Bifionsj

320 172 485 212 tarum
497 158 687 209 fabulas
702 193 715 214 ,
737 157 822 210 hic
842 158 1032 210 videbis
1051 158 1264 211 minime
1291 159 1509 210 sabulaSt
1545 170 1740 211 cernes,
1770 161 1827 212 fit
1850 161 2058 230 fugitiva

319 225 407 275 sub
435 223 578 273 undis
605 223 888 273 fallentibus
918 240 1075 289 poma
1104 223 1278 274 frustra
1300 225 1460 289 gulosi
1486 224 1694 274 esuriant
1714 227 1913 276 Tantali
1937 247 1948 276 :
2001 228 2058 277 ut

319 302 489 337 rerum
517 288 877 351 temporalium
901 287 1164 336 helluones
1196 288 1383 352 Silyphi
1413 286 1587 337 frustra
1612 300 1811 354 petant,
1844 292 1895 340 &
1917 306 2058 355 urge-

316 362 403 398 ant
431 351 673 396 rediturum
693 351 825 396 denuc)
843 350 1018 407 saxum:
1058 350 1112 399 ut
1133 351 1217 399 sub
1240 352 1438 400 vulture
1463 364 1669 414 gemant
1686 355 2052 416 rapaces{2Titij‚

318 413 374 467 iit
399 427 537 463 vanae
567 413 759 462 Belides
788 416 838 462 in
867 414 1035 462 cribris
1069 429 1255 476 aquarn
1279 414 1489 462 inanit'er
1521 414 1747 463 hauriant
1771 433 1780 462 ε
1819 414 1874 463 ut
1892 416 2056 465 lascivi

315 476 539 526 Ixiones,
563 477 614 524 in
639 488 752 525 rota
782 478 1060 524 aeternitatis
1080 509 1094 529 ,
1136 478 1407 526 volvantur
1432 510 1444 531 ,
1473 472 1628 540 seque
1652 478 1906 540 sequendo
1929 479 2055 542 fugi-

317 550 418 588 ant.
466 537 583 588 Imo
617 541 801 590 erravi:
838 554 987 588 merae
1009 539 1187 589 fabulae
1214 540 1350 595 sunt,
1378 539 1556 590 hoc-in
1576 541 1728 597 loco,
1750 540 1826 591 hae
1846 541 2052 595 fabulae5

317 600 508 651 umbrae
540 601 676 657 sunt,
697 617 807 651 non
835 614 1118 651 tormenta:

692 666 783 713 Hic
804 668 932 713 mites
954 668 1180 714 Diomedis
1207 669 1304 730 equi
1316 705 1328 719 ,
1355 667 1562 728 Busiridis
1577 670 1681 717 ΑΜ

695 730 948 781 dementes,
978 731 1180 776 Phalaris
1205 734 1325 778 tauri
1339 733 1521 787 fidam,
1543 735 1685 779 molles

692 795 875 840 Scironis
885 791 1068 853 scopuli,
1092 794 1284 840 Schineos
1303 805 1463 854 pacata
1501 797 1724 854 'lja-annis.

314 855 457 906 Nam
482 854 603 919 quid
623 855 744 919 quid
771 856 1028 904 malorum
1056 859 1338 920 excogitare
1367 856 1568 907 saevitia,
1600 857 1722 919 quid
1750 856 1872 920 quid
1905 858 2052 909 dolo·

314 934 432 966 rum
451 933 759 982 congreoare
787 915 952 984 potest
974 931 1210 982 corrupta
1240 919 1433 966 morbis
1461 921 1682 974 Natura,
1702 919 1882 970 fabulae
1914 923 2052 978 sunt,

315 996 426 1044 quae
449 984 628 1031 nonni
653 999 666 1030 i
689 985 741 1031 in
770 979 1050 1047 phantasia,
1072 981 1394 1030 umbratilem
1420 981 1655 1030 exhibent
1676 986 1915 1034 moeroris
1942 986 2054 1034 Sce-

311 1058 450 1093 nam.
552 1045 826 1103 Objectum
851 1044 1011 1098 oculi,
1030 1044 1247 1093 tenebrat
1275 1044 1408 1100 sunt,
1428 1043 1536 1109 plus
1556 1045 1711 1109 quam
1731 1047 1980 1102 Cimeriae,
2002 1050 2055 1098 in

312 1107 494 1169 quibus
521 1123 630 1157 non
649 1107 736 1157 nisi
755 1109 1017 1156 teterrimae
1045 1107 1496 1172 fulgurantlnferni
1521 1110 1691 1158 larvae:
1731 1126 1869 1159 aures
1899 1112 2054 1160 male-

316 1170 443 1219 dieta
476 1170 726 1234 flagellant
749 1204 763 1225 ‚
789 1170 992 1219 hebetat
1024 1170 1252 1220 dentium
1279 1168 1486 1226 stridor,
1518 1168 1790 1235 mixtique,
1810 1189 1867 1223 ru
1904 1173 2052 1224 itibus

315 1232 517 1281 dissonis
541 1267 554 1288 ,
586 1235 798 1283 ululatus
832 1234 1141 1283 obtundunt.
1241 1235 1599 1300 Voluptuarias
1632 1236 1799 1285 fauces
1837 1252 1864 1284 e
1884 1241 2053 1300 iquata

313 1298 396 1362 pix
425 1297 587 1351 satiat,
612 1301 662 1348 ὃς
691 1296 860 1347 luridae
889 1298 1079 1346 lacertae
1111 1310 1292 1363 repunt
1320 1314 1408 1362 per
1438 1295 1788 1348 stomachum:
1825 1301 2054 1349 embam·

313 1372 453 1408 mata
482 1360 591 1409 sunt
620 1376 816 1410 venena
835 1394 849 1414 ,
879 1376 974 1425 pro
1005 1363 1286 1426 tragematis
1319 1362 1536 1411 serviunt
1566 1361 1820 1413 bufones:
1872 1364 2054 1414 semesa

312 1423 547 1473 membra
565 1424 936 1473 intolerabilem
960 1425 1136 1488 spirant
1158 1424 1445 1489 mephytin:
1477 1438 1620 1474 aerata
1639 1428 1778 1475 incus
1798 1428 1927 1476 vices
1948 1427 2053 1492 sup-

311 1487 417 1552 plet
436 1487 636 1551 spondae
663 1488 910 1538 eburneae,
930 1489 1015 1537 ubi
1031 1487 1076 1536 se
1098 1487 1345 1537 Vulcanei
1359 1489 1612 1553 Cyclopes
1627 1502 1874 1538 exercent.
1920 1491 2051 1539 Inte-

314 1552 410 1598 rim
435 1549 618 1598 lebetes
645 1551 946 1599 incalescunt
969 1551 1237 1600 ebulliente
1254 1550 1511 1616 sulphure,
1535 1555 1583 1601 ὅς
1604 1551 1758 1600 refina
1779 1553 1962 1601 exultat
1980 1556 2054 1602 in-

313 1624 388 1661 ter
407 1613 628 1662 torridos
647 1616 800 1677 ignes,
815 1627 868 1662 ut
886 1616 1042 1662 carnis
1065 1613 1316 1662 illecebras
1336 1613 1582 1662 vindicet:
1621 1631 1714 1678 pro
1737 1616 1928 1664 ferocia
1949 1632 2054 1665 ccr-

313 1687 421 1724 tant
445 1675 812 1730 Rhadamanti,
838 1679 887 1726 <34
909 1677 1069 1726 AEaci:
1107 1676 1183 1733 alij
1206 1676 1438 1741 expeditis
1459 1677 1670 1732 retibus,
1694 1681 1743 1727 ὅ(
1769 1677 1931 1743 hai-pis
1963 1680 2053 1728 cir-

313 1739 689 1788 cumfremunt:
712 1740 787 1796 alij
811 1740 1140 1802 Pyracmonis
1172 1739 1447 1804 compedes
1475 1752 1669 1789 rotantz
1706 1741 1781 1798 alii
1810 1744 2051 1805 improvi-

315 1802 411 1851 dos
438 1801 607 1850 ferreis
630 1802 869 1866 longuriis
898 1804 1165 1851 inuncant:
1212 1803 1287 1860 alij
1315 1802 1572 1857 involant,
1592 1806 1642 1854 ὃς
1673 1803 1888 1853 horridis
1914 1803 2052 1856 intro

310 1864 516 1915 trahunt
538 1865 737 1935 capillis.
837 1867 986 1933 Qos
1006 1864 1138 1929 prius
1158 1868 1412 1914 cinxerant
1432 1878 1639 1929 torques
1660 1883 1843 1921 aureae,
1868 1870 2051 1918 &inse-

309 1942 426 1978 cuta
449 1930 559 1977 sunt
593 1933 829 1992 lyrmata,
852 1924 1099 1992 longique
1129 1927 1350 1983 elenchi,
1379 1945 1516 1978 nunc
1535 1931 1835 1995 Gorgones,
1856 1931 2052 1980 Draco-

306 2006 421 2045 nes,
443 1995 494 2042 &
520 1990 811 2041 cenchrides
838 1992 1094 2040 ambiunt:
1131 1993 1306 2055 viperae
1328 1991 1437 2041 sunt
1456 1994 1684 2048 armillae,
1719 1989 1909 2042 catastae
1937 1994 2048 2044 sunt

315 2055 530 2109 collare,
556 2056 742 2104 cameli
770 2057 954 2103 nautici
1021 2067 1192 2104 ravant
1223 2055 1473 2103 nudatum
1502 2067 1685 2120 tergus,
1752 2055 1957 2107 Verbo:
1991 2061 2048 2110 in

315 2133 446 2168 orco
469 2119 538 2171 nil
566 2117 653 2167 nili
676 2133 856 2183 poena,
879 2132 961 2166 cre
1002 2133 1083 2166 ere
1105 2120 1190 2180 qui
1211 2120 1396 2172 renuit,
1428 2133 1484 2166 ex
1524 2131 1717 2168 ematur.

442 2182 641 2233 LEUC:
709 2183 826 2240 Jam
844 2196 953 2229 non
973 2183 1134 2230 miror
1158 2179 1365 2230 effatum
1385 2181 1471 2230 illu
1523 2215 1536 2235 ,
1554 2182 1784 2232 Oraculis
1803 2197 2047 2234 annume-

316 2245 531 2295 randum
556 2278 568 2298 ‚
623 2244 767 2307 quod
785 2245 813 2301 J
819 2246 990 2294 uvenis
1020 2245 1229 2308 quidam
1252 2243 1476 2308 Sophus,
1514 2245 2043 2299 dum‘conclufionem

316 2310 598 2357 vocationis
622 2307 906 2360 heroicam,
943 2305 1075 2357 male
1089 2307 1588 2371 reprobarentsenes,
1624 2306 1829 2373 pessime
1850 2313 2041 2377 impug-

312 2381 488 2420 narent
506 2371 718 2424 inimici,
755 2369 810 2419 ut
831 2371 979 2423 solet,
1015 2372 1189 2421 amici:
1235 2384 1456 2436 parceret
1475 2373 1623 2421 aetatis
1644 2372 1785 2427 flori,
1820 2376 2053 2433 teneritu-

315 2432 490 2480 dinem
520 2434 703 2482 indolis
734 2434 998 2483 delicatam
1037 2434 1250 2485 ferendo
1285 2449 1394 2483 non
1429 2434 1523 2482 effe
1551 2433 1841 2485 monastico
1878 2436 2037 2485 oneri.

316 2494 517 2564 Qibus
537 2496 620 2547 ille
649 2514 660 2546 ε
712 2493 747 2549 ὂ
768 2493 900 2546 male
920 2499 1151 2564 providi!
1196 2496 1300 2548 hoc
1321 2497 1501 2565 clypeo
1520 2501 1743 2557 armatis,
1775 2515 1886 2550 non
1908 2513 2039 2570 exar-

1375 2570 1385 2577 ‘
1829 2573 1975 2613 matis
