2177 2905
402 107 495 155 190
1007 95 1152 144 Mami
1181 93 1391 150 Fenestra.

343 201 565 239 amatam
590 202 604 241 ς
656 184 776 237 cum
806 199 900 237 nec
927 185 1012 252 ipfi
1043 188 1396 237 blandimentis
1425 185 1626 238 favores
1655 188 1949 241 mendicent
1969 224 1983 248 ,
2002 191 2089 242 sed

344 269 440 319 pro
469 253 654 302 meritis
676 251 978 315 exsperirent,
999 254 1047 302 &
1073 248 1355 317 postulent:
1395 251 1618 302 Genium
1636 253 1835 302 notabis
1860 255 2094 304 ambitio-

344 318 479 371 fiim,
502 315 713 364 honoris
735 314 1002 379 cupidum,
1028 315 1385 371 jactabundum
1418 317 1468 365 ὃς
1496 328 1843 380 arrogantem:
1881 317 2112 368 choleri-,

343 382 409 429 cis
432 380 700 444 praeprimis
721 380 982 443 proprium
1006 376 1245 426 aestimare
1270 379 1350 426 sua
1366 413 1377 429 ‚
1400 390 1727 428 contemnere
1750 381 1907 429 aliena
1925 398 1935 428 ε
1956 383 2094 429 inna-

342 456 454 492 tum
471 476 483 497 ,
504 443 705 491 eluctari
732 442 798 490 ad
818 442 1013 490 summa
1031 475 1042 495 ,
1064 457 1158 489 nec
1187 442 1433 504 quiescere
1461 442 1547 490 nili
1571 445 1622 490 in
1646 447 1830 492 vertice
1861 444 2089 508 Olympi.

342 509 402 557 In
427 523 605 555 amore
627 505 934 555 ominaberis
959 506 1159 552 tardum
1175 537 1187 559 ,
1212 506 1326 566 quia
1344 504 1628 554 turbidum:
1667 506 1701 554 fi
1719 519 1889 556 tamen
1910 509 2090 571 ignito,

343 582 619 635 conceptus
660 569 969 633 superveniat
1004 570 1153 632 ignis,
1180 569 1622 623 oetavummrcdo,
1643 569 1888 634 superaret
1913 570 2094 619 caloris

343 634 586 698 gradum,
613 631 648 681 si
679 630 859 697 pofl'et:
896 632 1167 696 praeprimis
1198 645 1371 681 tamen
1391 633 1442 680 in
1470 634 1560 680 iras
1594 632 1726 681 dices
1761 635 2091 698 praecipitem:

343 699 538 761 semper
558 696 721 745 fumat
735 729 748 749 ,
769 698 818 745 ὅ(
840 693 874 743 fi
901 695 1140 743 fomitem
1165 696 1380 759 praebeat
1403 696 1740 744 melancholia
1757 730 1769 750 ‚
1790 698 1940 745 etiam
1959 697 2095 752 furit,

344 760 559 823 totaqua
594 759 783 808 eruetat
823 758 1052 807 incendia
1085 759 1329 808 Vesuvius
1364 759 1773 809 cholericorum:
1823 760 2097 809 ambitiofis

344 824 557 881 contilijs
573 857 586 878 ,
611 838 760 877 cave,
782 822 989 871 obicem
1012 837 1171 887 ponas
1186 855 1197 876 ,
1218 838 1338 870 nam
1362 823 1671 872 retardatum
1692 821 1851 886 magis
1872 823 2003 871 furet
2025 826 2117 873 in-.

343 888 608 940 cendium,
631 889 680 937 ὃς
708 889 759 934 in
788 885 1025 936 vindictas
1054 886 1392 950 implacabiles
1426 898 1672 950 erumpet,
1772 887 1933 943 Vide,
1957 903 2021 934 ne
2041 886 2095 935 fi-

343 953 460 1000 das:
498 949 653 1014 quam
686 949 770 998 diu
808 949 919 998 sunt
947 948 1223 1003 ambitiofi,
1259 960 1364 997 tam
1398 948 1483 998 diu
1513 949 1621 997 sunt
1653 948 1906 1002 iracundi,
1946 948 1997 998 id
2024 946 2094 998 est

343 1015 560 1080 semper:
597 1015 648 1061 in
664 1013 763 1070 alijs
787 1013 896 1061 sunt
914 1008 1270 1066 inconstantes,
1291 1014 1343 1060 in
1361 1014 1432 1060 ira
1457 1007 1847 1060 constantiffime
1869 1011 2094 1062 feroces:

341 1095 451 1128 non
477 1079 767 1129 remittunt,
789 1076 870 1124 sed
897 1075 983 1124 sub
1011 1077 1234 1123 memori
1257 1077 1424 1123 cinere
1446 1077 1618 1139 ignem
1637 1078 1687 1124 in
1717 1076 1908 1123 multos
1933 1091 2095 1125 annos

342 1142 619 1193 occultant,
641 1138 859 1202 elataque
890 1138 1157 1188 occasione
1190 1137 1457 1187 nocentius
1485 1139 1697 1190 feriunt,
1721 1137 1828 1200 quo
1853 1140 2096 1188 innocen-

341 1205 437 1255 tius
459 1205 792 1269 negliguntur.
863 1201 1119 1252 Caeterum
1142 1203 1353 1266 Ingenio
1377 1202 1508 1250 dices
1532 1199 1916 1266 praestantem,&
1941 1202 1974 1250 fi
1990 1205 2094 1252 Na-

343 1266 455 1318 tura
477 1269 643 1319 videas
668 1283 906 1331 parvum,
932 1266 1063 1314 dices
1088 1268 1238 1313 etiam
1266 1263 1742 1330 praestantiffimum,
1769 1268 1883 1328 quia
1905 1267 2096 1315 celerri-

343 1349 517 1386 mum,
543 1330 598 1380 ut
619 1329 775 1379 fidem
804 1330 921 1378 facit
941 1328 1291 1393 Philosophus,
1358 1331 1491 1378 Hinc
1513 1327 1606 1383 est,
1629 1327 1777 1392 quod
1806 1331 2094 1384 excitatum,

344 1401 395 1448 &
416 1408 714 1461 promptum
734 1395 984 1458 augureris
1007 1396 1059 1441 in
1086 1393 1311 1457 agendo,
1335 1392 1367 1441 fi
1391 1405 1561 1441 tamen
1587 1396 1701 1457 agit,
1725 1396 1773 1442 ὅ(
1796 1409 1904 1441 non
1926 1392 2097 1456 potius

343 1463 538 1525 impetu
558 1469 828 1507 temerario
858 1459 1058 1522 rapitur.
1141 1456 1304 1523 Quod
1323 1459 1461 1504 enim
1481 1457 1638 1508 volet,
1654 1456 1756 1521 cito
1782 1457 1936 1509 volet,
1958 1459 2004 1507 &
2032 1457 2098 1505 se-

346 1521 450 1575 rios
482 1523 563 1571 sed
595 1519 961 1570 inconstanter:
999 1536 1119 1569 nam
1141 1520 1521 1568 cholericorum
1542 1519 1815 1584 proposita,
1842 1515 1990 1583 stupae
2023 1523 2097 1568 in·-

347 1583 741 1641 star,momento
762 1587 812 1633 in
836 1585 1100 1633 flammam
1122 1584 1333 1637 abeunt,
1360 1587 1409 1633 ὃς
1431 1586 1801 1648 extinguuntur.
1880 1582 2041 1646 Qod
2062 1583 2099 1633 fi

347 1651 456 1699 bili-s
474 1662 575 1698 atra
598 1648 765 1697 firmet
799 1645 1078 1695 instabilem
1098 1648 1378 1695 Protheum
1396 1679 1410 1699 ,
1429 1659 1550 1694 tunc
1579 1641 1843 1694 enimvero
1881 1646 2012 1694 dices
2041 1651 2095 1695 in

347 1712 600 1778 capiendis
633 1710 898 1777 propositis
928 1710 1171 1763 celerem,
1193 1708 1273 1757 sed
1298 1711 1350 1757 in
1372 1708 1639 1757 retinendis
1675 1707 1833 1772 magis
1866 1707 2098 1759 constan-

347 1789 481 1825 tem:
519 1776 651 1824 dices
673 1809 687 1829 ,
720 1775 958 1823 laborum
999 1785 1256 1821 amantem
1276 1805 1290 1825 ,
1319 1774 1473 1820 animi
1507 1770 1795 1820 cellitudine
1817 1771 2094 1835 Aquilam,

347 1838 677 1908 generositate
696 1840 955 1887 Leonem:
980 1837 1112 1884 dices
1133 1839 1184 1884 in
1214 1835 1387 1884 dandis
1415 1834 1628 1891 consiliis
1650 1834 1887 1898 Ulyssem,
1912 1838 1961 1884 in
1991 1853 2100 1885 exe-

343 1903 555 1968 quendis
603 1901 860 1952 Achillem
882 1934 895 1955 ,
935 1902 988 1948 in
1028 1898 1384 1964 perfringendis
1430 1897 1800 1947 difficultatibus
1840 1903 2099 1965 magnani-

342 1984 492 2016 mum
521 1966 798 2016 Heetorem
824 1998 837 2018 ,
870 1967 920 2014 δε
949 1964 1029 2013 vel
1060 1961 1178 2013 ideo
1210 1963 1273 2011 ad
1299 1964 1518 2011 maxima
1547 1977 1758 2025 quaeque
1786 1964 2098 2028 Reipublicae

345 2033 519 2081 munia
547 2042 751 2083 natum,
775 2026 1085 2090 fastumque.
1504 2046 1508 2050 ·

475 2095 671 2145 LEUC:
741 2092 947 2145 Probas,
972 2107 1029 2139 ex
1047 2105 1165 2140 aura
1183 2089 1395 2140 aetherea
1412 2089 1547 2138 hunc
1571 2088 1852 2155 delapsums
1887 2090 2005 2139 hinc
2027 2091 2097 2141 fa-

94 2145 274 2206 Teml’e·
349 2155 443 2209 cile
464 2158 681 2222 colligo,
703 2158 754 2204 in
784 2157 904 2203 mari
939 2166 1176 2205 mortuo,
1199 2155 1281 2204 vel
1307 2155 1514 2218 regione
1543 2153 1878 2217 phlegmatica
1908 2156 2096 2204 natales

96 2226 262 2258 ”amen-
349 2223 487 2272 alteri
510 2218 815 2269 statuendos.
883 2220 1039 2265 MEL:
1117 2219 1352 2267 Divinast
1387 2232 1507 2267 nam
1538 2218 1883 2266 cadavericam
1923 2218 2096 2267 defen-

97 2286 191 2322 tum
351 2287 422 2335 dit
443 2287 667 2334 formam
694 2284 835 2332 frons
859 2282 1061 2347 pallida:
1098 2280 1312 2345 Riphaeo
1332 2280 1519 2343 frigore
1539 2277 1803 2329 constricta
1829 2278 1967 2330 tarde
1987 2283 2094 2346 pul-

88 2338 307 2410 Pl2legma·
349 2349 416 2400 sat
443 2351 615 2396 arteria
641 2366 650 2396 :
688 2346 898 2395 caelarics
927 2362 1057 2398 rara,
1079 2349 1129 2395 <Sc
1148 2345 1362 2393 albicans
1385 2344 1624 2407 hyemem
1652 2344 1855 2407 probat:
1881 2361 1982 2394 vox
2000 2358 2094 2394 tar-

96 2413 243 2449 Wum·
352 2414 416 2462 da
443 2414 492 2461 &
527 2411 697 2459 debilis
723 2425 859 2458 raros
890 2409 1034 2457 domi
1067 2408 1253 2473 spiritus
1274 2407 1483 2456 indicat:
1526 2407 1676 2455 facies
1697 2408 1862 2472 ampla
1884 2409 2092 2473 plenilu-

350 2478 494 2526 nium
514 2470 787 2522 monstrat:
825 2472 1135 2521 obscuriores
1160 2471 1313 2524 oculi,
1337 2472 1388 2518 in
1406 2472 1571 2518 nativa
1597 2471 1826 2521 albedine
1851 2473 2090 2526 natitant,

350 2552 406 2590 ut
428 2554 514 2605 per
542 2533 775 2587 fenestras
806 2532 950 2587 facile
978 2536 1142 2589 videas
1172 2534 1421 2589 diluvium
1449 2533 1748 2585 humorum.
1850 2535 1987 2605 Caro
2018 2532 2089 2585 est

1882 2603 2028 2662 ipon-
