2177 2905
674 83 913 131 Academia
936 85 1186 133 Brutorum.
1654 97 1673 131 1
1687 93 1741 143 31

58 170 251 229 Rhodii
275 182 332 230 50
354 170 609 224 Molossos
635 187 751 224 ante
783 173 977 226 Urbem
1004 176 1296 226 locaverant
1314 174 1592 226 nocturnos
1614 176 1810 226 excubi-

57 251 193 288 tores
207 236 291 297 :hi
313 233 624 287 Christianos
647 239 810 287 exules
833 235 1014 288 blande
1033 242 1283 305 excipere,
1308 240 1569 294 barbaros,
1589 237 1810 290 inaudita

57 297 276 355 ferocia,
305 301 516 350 laniatos
546 299 674 350 soliti
703 302 813 350 sunt
842 302 1127 351 trucidare·
1204 303 1302 351 Sed
1332 319 1425 351 nec
1454 306 1565 352 Leo
1596 300 1809 367 impune

59 365 277 415 laeditur:
311 364 563 410 vulneratus
588 365 751 427 inquit
779 368 984 416 Naturae
1010 363 1350 415 Encomiastes
1382 367 1590 422 Plinius,
1616 366 1809 424 observa.

58 432 176 477 tione
197 429 310 474 mira
326 424 604 488 percuſjbrem
625 432 766 479 novit,
781 431 838 476 &⁹
857 432 901 475 in
918 429 1188 492 quantalibet
1205 431 1480 476 multitudine
1499 432 1685 490 appetit.-
1711 446 1806 476 eum

59 490 166 540 vert)
198 492 273 554 qui
302 491 436 537 telum
461 492 631 553 quidem
663 492 848 549 meserit,
870 492 944 549 fhd
973 505 1117 539 tamen
1143 509 1223 539 non
1246 492 1516 547 vulnerdrit,
1540 504 1803 553 correptum,

58 549 489 616 raptamquesternit.
592 554 858 604 Crocodili
878 556 1126 619 lacrymae,
1142 556 1281 605 velut
1293 555 1477 616 perfidiae
1490 557 1702 620 insignes
1722 555 1810 604 tes-'-

57 618 197 671 serae,
227 619 328 673 iam
355 618 408 665 in
437 631 718 666 commune
750 617 1304 682 proverbium'abiere‘:
1352 631 1528 683 utpote
1559 635 1667 683 quae
1699 635 1810 669 non

59 683 161 731 alio
189 679 291 730 fine
314 679 623 734 funduntur,
643 680 800 743 quam
830 693 884 729 ut
913 680 1254 730 misericordia
1283 695 1487 737 motos,
1518 687 1565 733 ὃ(
1594 685 1646 732 in
1678 685 1811 732 auxi-

59 744 187 795 lium
213 743 418 808 propius
441 743 752 796 advolantes,
773 742 989 809 perfidus
1018 742 1172 793 hostis
1203 745 1441 810 decipiat,
1468 743 1813 810 deceptosque

61 808 280 857 dilaniet.
316 806 415 856 Sed
429 807 704 870 &Vulpem
719 811 797 864 Jua
816 807 1037 868 hypocrzfis
1056 808 1249 857 dudum
1266 809 1382 857 fecit
1403 810 1665 861 infamem3
1687 810 1814 859 dum

61 870 273 919 esuriens
295 867 433 919 tanta
464 870 726 918 calliditate
744 873 795 919 in
814 873 985 935 aprico
1005 871 1050 919 se
1068 872 1113 920 se
1146 885 1402 920 mortuam
1428 872 1649 926 simulat,
1671 885 1725 921 ut
1748 873 1814 922 al-

61 933 210 983 lectas
232 931 438 998 propius
463 932 527 981 ad
549 932 863 982 illudendum
890 932 976 981 sibi
1005 935 1247 990 aviculas,
1277 938 1503 985 certatim
1528 937 1714 1001 capiat,
1738 951 1813 985 ra·-

61 994 165 1063 piat
204 1012 266 1044 ue
291 1011 414 1044 mox
438 995 687 1046 redivivus
707 993 979 1061 Impostor.
1048 998 1267 1057 Injustitiae
1287 1000 1516 1063 palmaris
1536 1014 1673 1048 ream
1699 999 1744 1048 se
1766 999 1812 1048 se

62 1074 164 1110 con
211 1060 320 1108 ituit
336 1058 537 1112 Perdix,
567 1059 691 1107 dum
724 1075 781 1106 ex
809 1060 944 1112 ovis,
977 1058 1108 1109 clam
1137 1059 1275 1109 furto
1300 1062 1575 1116 subductis,
1595 1062 1812 1112 excludit

60 1123 259 1173 alterius
282 1122 475 1187 pullos,
495 1121 772 1170 adulterina
799 1123 981 1170 Mater.
1075 1125 1259 1177 Fucos,
1285 1125 1495 1174 alvearia
1527 1127 1814 1190 expilantes,

0 1210 8 1218 ,
61 1186 128 1235 ad
144 1185 444 1237 restituenda
468 1184 654 1233 damna
678 1181 852 1233 frustra
874 1185 1099 1250 obligant
1119 1202 1258 1251 apes:
1296 1189 1504 1252 Coccvx
1528 1189 1722 1238 dudum
1743 1190 1814 1238 su-

62 1251 94 1302 s
117 1251 263 1301 endia
285 1249 495 1302 meruit,
515 1247 641 1297 dum
662 1249 831 1297 alienis
857 1249 967 1298 ovis
999 1249 1285 1298 clanculum
1309 1251 1576 1305 devoratis,
1597 1251 1676 1301 sua
1706 1252 1814 1302 sub-

113 1318 234 1369 ‘tuit,
252 1325 308 1363 ut
334 1311 660 1362 excludantur
679 1309 707 1360 a
724 1313 908 1366 Matre,
932 1314 1062 1377 turpi
1087 1312 1214 1362 dolo
1238 1312 1463 1378 decepta,
1480 1317 1528 1363 in
1550 1316 1649 1371 eius
1669 1331 1813 1364 com-

65 1379 306 1431 modum,
316 1377 404 1439 qui
424 1391 535 1425 non
552 1374 719 1424 modo
739 1376 792 1424 in
813 1374 1004 1424 alienos
1023 1376 1188 1440 pullos
1206 1376 1433 1429 crudelis,
1457 1378 1537 1426 sed
1558 1381 1606 1429 ὃ(
1628 1381 1678 1428 in
1699 1378 1813 1429 suos

64 1443 160 1493 fuit
182 1441 390 1491 immitis
408 1440 665 1489 Noverca.
763 1438 1063 1488 Stellionem
1085 1439 1276 1489 Medici
1294 1443 1465 1487 invidiae
1486 1454 1716 1506 arguunt,
1740 1454 1815 1491 ut-
1842 1435 1949 1485 AElt'-
1967 1435 2050 1496 23.

65 1518 191 1573 pote
211 1505 297 1567 qui
319 1517 429 1551 non
447 1514 551 1551 tam
572 1501 725 1556 fame,
737 1500 892 1563 quam
911 1502 1071 1551 livore
1089 1503 1306 1557 adactus,
1326 1503 1596 1553 detrastam
1618 1504 1811 1570 hyemis
1843 1516 1879 1547 c·
1896 1512 1969 1557 17·

104 1570 269 1619 ellem,
289 1566 386 1631 ipse
409 1564 621 1614 devorat
637 1566 852 1619 invidus,
874 1580 939 1614 ne
956 1565 1379 1631 praesentiffimum
1391 1568 1654 1630 relinquat,
1676 1585 1812 1618 mor-
1842 1579 1894 1609 ex
1907 1561 2044 1612 Theo-

66 1586 139 1684 go
164 1628 408 1682 comitiali
429 1626 633 1680 afflictis,
654 1629 955 1677 remedium.
1023 1628 1280 1685 Struthio,
1299 1644 1361 1681 an
1370 1630 1563 1684 stultitia
1588 1633 1634 1681 se
1657 1630 1813 1697 magis
1838 1624 2002 1688 Phrast·

67 1695 338 1747 infamem,
357 1691 439 1741 vel
467 1692 691 1753 impietate
713 1691 1041 1741 execrabilem
1073 1692 1250 1743 reddat
1274 1697 1326 1743 in
1349 1695 1624 1745 Brutorum
1647 1697 1817 1761 Repu·

67 1760 212 1812 blica,
228 1771 337 1806 non
356 1750 501 1804 facile
521 1751 812 1810 divinarim:
850 1751 1126 1806 stoliditatis
1145 1752 1278 1806 certe
1300 1758 1543 1823 palpabile
1565 1758 1817 1824 specimen

68 1823 193 1874 illud
213 1818 298 1873 est,
323 1817 469 1881 quod
495 1817 739 1880 quidquid
765 1830 949 1882 tangat,
965 1819 1142 1874 lintea,
1160 1819 1319 1884 ligna,
1339 1821 1539 1885 lapides,
1561 1820 1813 1872 continuo

69 1885 308 1935 devoret:
345 1877 479 1929 imo:
516 1879 549 1928 si
575 1879 891 1928 inconditam
911 1883 1136 1944 corporis
1157 1883 1354 1931 molem
1371 1885 1467 1933 levi
1486 1884 1663 1933 frutice
1692 1900 1817 1934 con-

71 1948 183 2002 dat,
206 1940 446 1994 existimat
465 1942 512 1991 se
536 1942 687 1990 latere
714 1940 929 1990 bardum
948 1942 1050 1991 hoc
1077 1945 1287 1993 animal:
1338 1945 1682 1995 crudelitatem
1712 1947 1813 2003 ejus

69 2011 268 2062 notavit
285 2007 559 2057 hominum
578 2002 966 2069 patientiffimus‚
989 2005 1113 2054 dum
1131 2006 1278 2055 dixit:
1314 2009 1496 2055 duratur
1512 2012 1565 2055 ad
1576 2008 1688 2066 filios
1699 2011 1812 2068 suos,
1845 2014 2043 2079 30539,

69 2073 183 2139 quafi
201 2069 464 2130 nonfintfiaei.
533 2068 651 2125 Vitii
674 2067 818 2124 hujus
837 2067 883 2117 se
897 2067 943 2118 se
960 2068 1114 2118 socias
1134 2069 1346 2134 jungunt
1366 2072 1580 2136 Viperae‚
1600 2075 1650 2124 ὃς
1671 2074 1817 2124 Scor·
1849 2082 2064 2133 Plin‚l‚10

69 2141 247 2205 piones
264 2168 276 2189 ,
299 2145 545 2184 venenata
566 2132 859 2181 animalium
912 2131 1088 2185 robra3
1108 2132 1231 2183 dum
1254 2133 1345 2183 illae
1368 2137 1642 2190 nascentes,
1665 2151 1815 2202 rupto
1845 2161 1881 2191 c.
1897 2145 1975 2193 62,

71 2199 488 2253 ventre‚Matrem
509 2207 745 2244 enecant:
771 2197 864 2244 exi
911 2196 946 2244 is
957 2197 1123 2245 Mater
1145 2196 1381 2246 undecim
1406 2198 1693 2262 scorpiones
1717 2203 1815 2250 eni·
1844 2209 1955 2254 idem
1970 2208 2002 2256 l.

71 2264 330 2318 xa,decem
344 2258 594 2309 continuo
617 2258 1280 2322 devorat,undecimo,quas1
1301 2262 1350 2309 in
1371 2263 1493 2310 tanti
1506 2262 1693 2314 sceleris
1713 2267 1816 2314 vin·
1849 2283 1921 2318 11.
1935 2280 2056 2332 αις.

74 2327 257 2377 dietam
278 2322 395 2373 esset
414 2319 646 2388 superstes
661 2354 673 2376 ,
694 2324 745 2371 ὅ(
766 2322 987 2372 Matrem
1012 2337 1220 2386 quoque
1244 2323 1494 2375 continuo
1520 2325 1814 2384 devorante,

75 2403 131 2440 ut
153 2384 297 2454 plane
316 2386 525 2439 dubites,
541 2401 603 2434 an
626 2386 794 2434 Mater
811 2385 868 2434 fit
886 2386 1086 2451 dignior
1104 2386 1279 2436 talibus
1291 2385 1413 2445 filiis,
1428 2389 1585 2447 anfilij
1608 2391 1690 2439 tali
1703 2393 1817 2442 Ma-

75 2467 166 2502 tre.
236 2449 489 2499 Caeterum
515 2450 808 2499 communis
826 2449 960 2499 fama
981 2451 1225 2497 Salacitatis
1246 2453 1436 2502 accusat
1456 2456 1662 2506 Hir-coss
1691 2455 1814 2513 gulm-
1842 2459 1951 2514 Alb,
1965 2463 2038 2516 M,

69 2517 210 2578 fitam
224 2528 428 2565 voraces
443 2513 662 2567 Ardeass
685 2514 948 2578 impudentiae
960 2513 1124 2565 Canes
1136 2529 1150 2570 3
1164 2516 1411 2566 timiditatic
1423 2518 1618 2571 Cervos
1631 2533 1644 2569 3
1666 2519 1713 2566 ὅ(
1723 2519 1816 2569 Le-

926 2578 977 2629 R
1010 2590 1040 2626 ι
1605 2594 1754 2647 potes
