2222 2905
705 85 904 138 Flamma
935 82 1200 137 Promethei.
1714 101 1776 152 59

63 179 318 235 bertatem
341 193 455 233 'non
475 179 631 232 laedit:
667 181 736 232 ita
756 185 857 247 agit
873 181 1165 249 supremum
1177 180 1472 233 Dominum
1485 216 1499 239 ‚
1517 191 1575 234 ut
1595 180 1832 236 voluntas

64 247 161 298 suo
189 249 425 297 dominio
446 261 557 295 non
586 246 846 311 spolietur:
897 247 1158 296 Dominus
1184 248 1236 296 ὅς
1253 246 1485 296 Domina
1507 259 1662 311 agunt
1679 247 1837 297 astio-
1863 294 1866 295 a

66 323 134 359 ne
159 311 455 364 communi,
473 320 684 372 uterque
704 320 908 363 movet,
930 311 981 360 ὃς
1004 321 1268 358 movetur:
1306 321 1516 372 uterque
1531 312 1719 374 primus
1741 307 1827 365 est,

65 386 278 437 uterque
298 371 566 422 secundus:
605 383 815 435 uterque
849 369 1107 436 prior-est,
1129 383 1307 420 neuter
1333 370 1605 437 posterior:
1641 372 1830 422 liberri-

60 432 151 486 'me
169 437 403 487 voluntas
421 431 753 499 amplectitur,
767 433 909 497 quod
923 435 1186 489 decorum,
1201 431 1452 484 liberrime
1472 436 1670 499 refugit,
1684 436 1829 499 quod

65 511 208 564 putat
228 500 457 547 noxium.
525 499 587 546 Et
617 497 740 547 illud
759 494 1003 562 praecipue
1027 499 1244 551 mirum,
1268 495 1412 560 quod
1443 500 1494 546 in
1522 498 1626 547 hoc
1655 500 1829 549 Provi-

65 561 245 611 dentiae
268 561 474 615 ordine,
499 559 712 610 divisum
732 575 841 609 non
863 559 1044 609 habeat
1067 576 1186 609 cum
1201 562 1336 619 Jove
1355 563 1657 627 Imperium:
1694 561 1825 611 flecti

61 621 250 689 potest,
281 626 399 690 cogi
422 639 531 673 non
552 619 742 688 potest:
779 624 1028 676 inclinari,
1059 639 1169 672 non
1190 624 1366 688 frangi.
1434 622 1632 674 Afferte
1655 626 1828 673 vincu-

62 690 110 738 la
134 689 370 737 Nerones
395 720 408 741 ‚
434 703 543 737 non
578 682 924 751 constringeris
946 703 959 738 3
997 683 1198 735 catastas
1223 720 1236 741 ‚
1268 687 1512 749 equuleos
1540 688 1828 736 Domitiani

60 753 268 805 exerite,
296 752 506 800 invitam
538 765 648 799 non
674 750 1014 814 compelletis:
1050 762 1208 803 rotas,
1241 751 1465 799 acinaces
1498 746 1717 815 stringite
1741 752 1826 808 Ju-

60 815 206 868 liam,
236 815 502 862 nolentem
535 812 598 861 ad
619 824 736 861 vota
758 828 868 861 non
901 812 1132 876 adigetis:
1169 812 1309 877 supra
1335 811 1612 861 humanam
1649 825 1826 878 poten-

60 880 186 926 tiam
210 873 279 925 est
299 876 406 927 haec
431 877 688 942 potentias
722 873 834 924 imo
869 874 1057 932 (DEO
1081 874 1146 924 fic
1168 872 1323 924 libere
1342 876 1608 925 ordinante
1628 874 1652 933 J
1687 888 1742 925 ut
1757 878 1826 924 ita

66 940 261 995 dicam,
280 940 420 1004 supra
442 941 711 993 Divinam,
735 950 846 988 utut
869 935 1052 986 resistet
1078 953 1344 1001 nunquam
1367 970 1380 992 ‚
1414 935 1631 987 resistere
1658 935 1824 1003 potest

69 1002 269 1068 lingulis
295 1003 432 1053 Coeli
455 1002 668 1059 auxilijs,
693 1017 786 1050 nec
805 1001 900 1112 ipse
921 1002 1096 1053 DEUS
1124 1001 1307 1051 salvare
1326 1004 1512 1066 poterit
1528 1002 1812 1050 nolentem.

189 1066 386 1116 LEUC:
423 1064 683 1114 Audaster
708 1078 764 1112 tu
785 1067 817 1112 il
845 1081 896 1118 a,
919 1068 969 1115 ὃς
994 1064 1203 1127 quidem
1223 1064 1560 1129 tingentibus,
1582 1064 1637 1114 ut
1656 1066 1820 1117 aiunt,

58 1129 426 1179 Heterodoxis!
488 1128 610 1191 quid
628 1140 768 1191 putas
808 1127 871 1176 ad
904 1124 991 1178 ista
1023 1126 1211 1190 Ephori
1245 1127 1434 1175 haerefis
1481 1127 1821 1186 Jansenianae?

58 1194 215 1239 MEL:
315 1193 549 1240 Fremant
572 1223 586 1244 ,
618 1195 668 1244 ὅ(
691 1190 986 1239 infremant:
1039 1191 1246 1239 illorum
1271 1187 1482 1239 stridore
1511 1190 1636 1239 mihi
1664 1192 1823 1238 neuti-

58 1269 217 1317 quam
237 1254 486 1304 dolebunt
504 1253 703 1302 dentes:
736 1253 788 1302 id
817 1267 978 1303 unum
1001 1252 1175 1307 affero,
1200 1265 1422 1302 meretur
1446 1253 1527 1302 vel
1547 1253 1630 1302 sua
1648 1254 1822 1318 impie-

58 1328 159 1366 tate
180 1317 283 1366 hoc
302 1313 618 1371 monstrum,
648 1328 703 1365 ut
731 1317 1039 1380 peculiarem
1066 1316 1135 1364 illi
1160 1317 1395 1379 paginam
1425 1315 1541 1365 alibi
1568 1315 1824 1365 consecre-

59 1396 189 1428 mus.
261 1382 442 1433 Nunc‚
462 1394 528 1428 ne
551 1391 790 1443 oporteat
806 1381 1055 1427 invertere
1077 1378 1153 1427 cle
1189 1379 1400 1442 sydram,
1416 1380 1530 1429 vela
1549 1378 1821 1434 contraho,

58 1442 190 1492 hanc
202 1443 291 1492 tibi
310 1440 523 1491 statuens
542 1439 782 1490 discursus
803 1440 1153 1504 anacephalaeo
1177 1456 1251 1489 m:
1289 1442 1482 1490 Anima
1503 1455 1581 1488 tua
1610 1439 1705 1490 est:
1732 1442 1822 1500 fier·
1853 1440 2008 1500 Eccles.

56 1522 116 1552 va
141 1508 278 1564 igitur
298 1509 510 1558 animam,
535 1506 652 1566 quia
680 1517 826 1551 tuam.-
878 1505 1023 1558 audi,
1053 1504 1197 1567 quod
1227 1505 1495 1567 quondam
1513 1504 1817 1554 Mellifluus:
1857 1519 1931 1553 10.

58 1569 182 1630 quaesi>
204 1582 273 1618 te,
288 1567 325 1626 fi
348 1580 439 1614 tam
450 1568 654 1625 fhllicitm·
671 1584 738 1619 es,
755 1566 794 1626 fi
813 1584 887 1614 nec
913 1567 1092 1615 minima
1110 1568 1307 1627 negligis,
1321 1567 1359 1626 fi
1383 1580 1475 1614 tam
1490 1570 1720 1629 prudenter
1732 1568 1822 1626 Ιὲν-
1850 1573 1940 1616 Ser.
1953 1579 2000 1626 7.
2023 1567 2069 1618 in

55 1639 137 1678 vas·
151 1632 295 1691 paleae
313 1644 409 1676 tuas
423 1666 437 1682 ‚
457 1633 590 1677 etiam
610 1631 810 1677 horreum
838 1643 961 1678 tuum
973 1629 1150 1685 servare
1175 1643 1410 1682 memento,
1431 1631 1516 1678 imc)
1537 1631 1641 1678 verb
1675 1648 1726 1678 ne
1747 1648 1821 1678 ex-
1852 1631 1921 1690 Pf.
1943 1643 2019 1688 90.

49 1704 181 1755 ponae
198 1694 461 1750 thefimrum,
482 1692 899 1757 quificsierquilinio
921 1691 1092 1741 incubas
1113 1706 1203 1741 tuo.
1241 1694 1485 1743 Dicamus
1499 1695 1663 1758 igitur,
1675 1695 1821 1758 quod

55 1757 311 1806 Adrianus
332 1758 527 1820 Martyr
561 1759 806 1821 Tyranno
821 1790 835 1812 ,
858 1755 1083 1806 Ecclefiae
1110 1755 1365 1807 thesauros
1386 1759 1601 1822 petenti:
1627 1757 1818 1807 thesau-

55 1823 96 1868 ri
125 1824 269 1866 ani-mee
293 1818 431 1872 nostrae
448 1822 564 1877 fient,
582 1821 656 1866 has
666 1821 845 1880 perdere
867 1822 1103 1866 nullatenus
1120 1820 1332 1866 volumm.
1400 1820 1597 1869 Anima
1618 1836 1702 1866 una
1721 1817 1817 1869 est:

54 1881 173 1931 hinc
195 1882 321 1931 illius
342 1882 525 1940 §adtura
544 1881 892 1946 irreparabilis:
930 1880 1075 1944 quod
1101 1881 1135 1930 fi
1154 1883 1301 1946 igitur
1318 1885 1530 1931 tentatio
1552 1885 1765 1947 ingruat,
1784 1881 1820 1932 fi

56 1947 267 1995 invitent
285 1947 506 2000 Sirenes»,
537 1944 572 1993 fi
600 1946 778 1993 alliciat
799 1946 1053 1999 Mundus,
1075 1943 1302 1994 dicamus
1327 1978 1341 2000 ‚
1369 1945 1515 2008 quod
1544 1945 1811 2009 quondam

57 2008 198 2059 dixit,
223 2005 420 2059 corona
439 2008 617 2073 triplici
633 2007 966 2056 Benedidtum
989 2007 1171 2072 Caput,
1185 2006 1305 2057 cum
1330 2005 1569 2066 injustum
1586 2008 1709 2072 quid
1734 2024 1819 2074 pe-

58 2081 244 2120 teretur
272 2072 302 2121 ὲ
321 2073 571 2137 Principe:
622 2072 724 2118 duas
749 2074 911 2117 animm
927 2069 964 2130 fi
988 2070 1215 2123 haberem,
1239 2071 1355 2118 ultr&
1382 2073 1578 2132 Principi
1606 2087 1735 2120 unam
1760 2074 1819 2120 (θ’

59 2132 240 2180 libenter
268 2137 438 2182 darem.-
467 2134 673 2195 perdere,
698 2150 825 2197 quam
837 2133 971 2191 fhlam
998 2131 1157 2185 habeo,
1179 2150 1250 2181 nec
1271 2132 1415 2188 lubet,
1439 2150 1512 2180 nec
1535 2135 1652 2182 licet.

185 2197 382 2247 LEUC:
417 2197 615 2247 Bellum
637 2197 920 2251 oraculum,
936 2208 1040 2244 tam
1061 2195 1271 2260 dignum
1292 2196 1539 2247 Pontifice
1567 2193 1713 2255 justo,
1727 2200 1815 2261 qui

60 2257 220 2309 dedit,
251 2258 406 2322 quam
428 2257 610 2316 injusto
632 2262 884 2325 Principe,
905 2261 991 2322 qui
1013 2261 1215 2323 recepit.
1317 2259 1523 2312 Utinam
1553 2259 1658 2310 hoc
1688 2275 1815 2326 ego,

55 2318 286 2383 mihique
307 2321 502 2376 ssmiles,
521 2323 612 2372 suis
631 2325 684 2372 in
706 2322 1160 2388 apophthegmatis,
1179 2321 1489 2387 usurparent!
1510 2325 1562 2372 in
1580 2325 1814 2388 Peripato

59 2383 238 2432 locum
261 2400 369 2433 non
386 2384 592 2434 haberet
611 2387 978 2451 improperium
999 2384 1146 2433 illud:
1174 2399 1276 2445 gens
1307 2384 1389 2444 abs
1403 2402 1454 2432 ne
1477 2386 1666 2445 confilio,
1689 2388 1745 2434 (θ’
1755 2386 1814 2445 fi-
1843 2395 2033 2445 Deuter,

58 2461 111 2493 ne
134 2448 382 2507 prudentia.
480 2448 581 2498 Sed
611 2450 810 2511 quoties
842 2447 1002 2513 Sophi
1033 2445 1245 2498 minime
1283 2448 1372 2515 sop
1411 2452 1453 2504 i,
1482 2449 1608 2499 dum
1634 2450 1813 2500 animae
1848 2467 1921 2512 32.

59 2512 274 2575 pretium
310 2512 544 2575 ignorant
565 2544 579 2570 ‚
613 2512 705 2566 ino
746 2511 1092 2626 etiamHDavo
1130 2507 1423 2578 stupidiores
1443 2545 1457 2570 ,
1492 2511 1520 2564 a
1544 2527 1651 2576 quo
1672 2526 1811 2575 gem-

178 2606 183 2610 ·
964 2586 994 2625 Ζ
1588 2589 1746 2631 mant,

1853 1925 2028 1973 Benedi-

1848 1987 1937 2035 c'ltbs
1955 1995 2066 2035 Pon-

1849 2048 1921 2111 tif:
1929 2055 2060 2099 XJL‚
