2132 2916
391 98 411 132 1
425 86 482 144 38
994 77 1174 140 firguza
1192 78 1414 139 Morphei.

321 173 660 230 Salomonem
683 175 833 228 ditat}
855 181 997 224 nunc·
1013 173 1231 238 denique
1252 187 1338 236 per
1349 170 1619 220 Danielem
1640 170 1858 236 praedicit
1868 172 2078 238 Regno·

319 258 437 292 rum
454 241 799 299 revolutiones
821 237 1176 305 inexpectatas,
1199 251 1308 300 quae
1340 236 1516 284 omnia
1537 235 1730 284 iubebit
1749 234 1919 302 potius
1949 238 2079 302 lege-

319 322 397 361 re,
424 303 583 368 quamss
611 303 801 364 audi-re.⁸
867 354 876 360 ⁷.
956 359 959 362 Δ
1755 352 1759 354 ,

446 366 649 418 LEUC:
700 368 787 426 ,Ita
812 361 879 414 est
893 374 910 417 3‘
942 364 993 413 id
1014 367 1114 421 jam'
1133 362 1354 427 pluribus
1378 363 1677 425 m'e,quaeso,
1695 361 1926 417 edoceas,
1945 378 2076 427 quae-

317 441 440 483 nam
457 431 514 494 fit
537 429 740 487 somniis
763 428 995 478 habenda
1025 426 1177 475 fides?
1229 427 1387 472 MEL:
1439 427 1624 488 Neque
1645 425 1738 474 hac
1758 428 1809 474 in
1832 441 1901 481 re,
1929 427 2076 488 quod

315 496 534 548 mireris,
559 495 690 542 inter
717 490 1054 556 philosophos
1074 490 1350 552 conveni&
1387 486 1497 537 imo
1524 490 1768 538 mirareris
1791 489 2009 544 fortass'e‚
2034 489 2071 538 fi

317 559 630 619 conveniret.
676 554 971 619 Pythagorae
999 551 1215 602 tribunal
1241 552 1274 600 si
1297 552 1442 601 adeas
1456 577 1474 606 ⁷>
1488 554 1538 600 in
1558 552 1854 602 Stoicorum
1887 552 2074 601 consess

314 622 368 672 su
383 655 396 676 ,
419 631 529 670 non
546 619 647 669 sine
665 619 924 683 supercilio
943 617 1076 667 dicet
1091 616 1410 669 sententiam,
1431 615 1633 671 somniis
1654 616 1892 665 omnibus
1917 616 2076 666 fidem

313 682 562 738 adstruet,
593 681 909 742 venerabitur
938 679 996 729 ut
1014 687 1152 729 mera
1178 681 1381 729 Naturae
1415 677 1594 727 silentis
1622 680 1857 734 oracula,
1887 679 2067 742 quibus

313 750 395 798 vel
425 748 748 809 declarantur·
766 744 1000 798 obscura,
1024 743 1105 793 vel
1128 743 1292 792 futura
1315 740 1714 807 praefigurantur:
1753 758 1874 790 nam
1905 758 2076 792 rerum

316 813 574 865 omnium,
593 811 772 872 inquit,
794 807 1026 858 mensura
1042 803 1109 855 est
1128 806 1350 855 humana
1372 804 1629 854 conditio:
1664 805 1808 861 huius
1832 802 2071 855 existima-

313 878 483 938 tione,
503 889 613 937 non
648 869 752 937 ipsa
777 887 947 920 rerum
976 867 1179 923 natura,
1209 871 1390 919 veritas.
1410 865 1625 928 constat,-
1643 869 1724 916 vel
1745 868 1947 916 falsitas:
1975 870 2074 917 tale

312 940 462 1003 igitur
485 939 576 986 erit
599 934 1007 998 unumquodque
1022 967 1034 988 ,
1058 932 1204 996 quale
1226 932 1423 981 videtur
1445 931 1645 990 homini
1659 956 1675 984 ,·
1695 930 1794 978 five
1813 932 1952 994 lano,
1971 931 2074 981 five

313 1001 515 1055 insano,-
538 999 640 1048 five
655 999 825 1047 sobrio
841 1031 854 1052 ,
877 997 975 1048 five
996 995 1298 1047 temulento,
1313 994 1412 1043 sive
1434 994 1673 1058 vigilanti,
1696 993 1795 1043 five
1813 994 2071 1044 dormien-

313 1066 371 1113 ti.⁴
432 1066 508 1114 En
532 1066 544 1112 ἱ
562 1063 771 1124 ,bellum
793 1072 1148 1125 argumentum
1163 1092 1176 1112 ,
1197 1057 1508 1122 Philosopho
1529 1057 1750 1105 fanatico
1765 1090 1777 1111 ‚
1800 1061 1848 1108 ὅ(
1873 1058 2072 1108 Stoico-

311 1143 427 1178 rum
450 1125 686 1191 applausu
705 1122 1069 1189 dignissimum.¹
1113 1120 1309 1172 Contra
1331 1120 1672 1184 Xenophanes
1690 1120 2072 1185 Colophonius,

312 1192 606 1253 antiquitate
632 1188 902 1241 celebrior,
931 1185 1088 1250 quam
1113 1187 1319 1235 veritate
1336 1218 1349 1238 ,
1379 1184 1558 1233 cuneta
1589 1184 1784 1233 somnia
1817 1185 1968 1240 ridet,
1990 1200 2074 1235 ve-

311 1255 389 1303 lut
409 1255 562 1317 aniles
578 1252 787 1306 fabulas,
800 1254 851 1301 ὃς.
872 1266 1010 1299 mera
1029 1248 1219 1298 cerebri
1237 1248 1510 1297 aberrantis
1526 1247 1709 1295 deliria.
1740 1247 1880 1312 Qid
1899 1251 2035 1298 enim
2051 1250 2072 1297 ἶ

314 1319 506 1380 inquit,
547 1327 613 1365 an
646 1331 755 1376 non
783 1326 883 1379 una
918 1308 1199 1375 eademque
1234 1314 1474 1361 omnium
1509 1311 1831 1359 somniorum
1861 1313 2071 1361 natura?

313 1397 401 1447 par
424 1382 570 1445 igitur
596 1378 832 1428 credendi
854 1389 938 1426 aut
958 1376 1222 1429 omnibus,
1246 1387 1329 1422 aut
1352 1374 1499 1422 nullis
1527 1370 1596 1421 est
1616 1375 1771 1422 ratio:
1806 1374 1887 1422 sed
1904 1376 2069 1440 pleris-

313 1460 414 1507 que
445 1442 730 1509 negandam·
770 1440 952 1491 fidem,
986 1441 1094 1502 quis
1123 1439 1298 1501 negat?
1350 1437 1419 1484 nil
1444 1434 1566 1499 ergo
1616 1436 1767 1485 causae
1809 1434 1913 1493 est,
1945 1449 2061 1494 cur,

311 1508 558 1572 plerisque
591 1505 802 1563 rejectis,
836 1502 893 1554 fit
928 1502 1178 1565 aliquibus
1211 1498 1410 1549 tantum
1447 1498 1678 1547 habenda
1713 1499 1851 1550 fides,
1953 1502 2063 1552 Ad-

314 1571 405 1625 de,
429 1571 463 1620 si
496 1581 629 1620 certa
657 1568 747 1617 tibi
776 1567 890 1616 sunt
921 1567 1086 1628 aliqua
1112 1564 1307 1612 somnia
1326 1595 1339 1616 ,
1368 1575 1500 1610 certa
1528 1561 1584 1610 fit
1611 1563 1816 1611 illorum
1850 1562 2068 1614 effectrix

313 1634 456 1683 causa
476 1642 709 1698 oportet:
744 1644 792 1680 at
822 1642 1055 1694 quaenam
1084 1628 1194 1676 illa?
1229 1641 1357 1675 num
1381 1638 1613 1673 naturam
1643 1628 1931 1689 praetendis?
1966 1629 2067 1693 pes-

313 1694 463 1750 fime3
498 1708 674 1745 natura
707 1691 777 1742 est
801 1693 990 1742 ordinis
1013 1693 1200 1744 amica,
1224 1697 1375 1751 atque
1403 1685 1716 1737 constantiae:
1755 1692 1805 1737 in
1835 1690 2067 1749 somniis,

315 1761 438 1825 quid
457 1759 544 1809 nili
565 1756 797 1807 confusio
810 1758 831 1805 ἒ·
861 1755 948 1805 nisi
968 1756 1113 1820 plena
1131 1753 1419 1802 temeritatis
1442 1748 1510 1800 est
1529 1749 1887 1802 inconstantia?
1940 1755 2064 1817 quid

311 1824 401 1874 nisi
429 1823 641 1873 ludibria
668 1819 940 1884 Morphei,
963 1832 1116 1882 quem
1139 1833 1248 1865 non
1265 1812 1522 1883 immerito
1552 1815 1724 1864 dixeris
1750 1818 2063 1881 nugivendu-

310 1889 421 1937 lum
445 1918 462 1941 ,x
495 1887 772 1943 jocularem
802 1885 1053 1946 Minium,
1078 1893 1266 1929 natura:
1298 1879 1535 1933 Simiam,
1560 1878 1790 1928 fallacem
1825 1883 2068 1940 Mercurii

308 1953 598 2016 Nepotem,
620 1950 700 1998 cui
721 1947 883 1996 natale
910 1945 1075 1995 solum
1098 1940 1166 1992 est
1188 1942 1407 2007 mendax
1426 1943 1605 1997 Creta,
1624 1944 1705 1992 cui
1729 1944 1888 1993 Sinon
1910 1948 2062 1995 nutri-

308 2017 434 2067 tius,
456 2012 537 2062 cui
568 2027 740 2061 mores
764 2008 994 2063 Prothei,
1026 2008 1162 2065 cujus
1190 2004 1349 2070 studia.
1373 2007 1543 2054 inanes
1572 2006 1788 2061 umbrae,
1810 2007 1946 2064 cujus
1971 2009 2060 2059 Pa-

308 2091 384 2127 ter
403 2078 464 2126 de
486 2076 629 2139 stirpe
651 2074 1017 2138 Graiugenum,
1033 2072 1170 2128 cujus
1183 2072 1348 2120 Mater
1369 2068 1592 2118 fabulosa
1616 2069 1925 2133 Antiquitas.-
1967 2071 2060 2122 An

308 2141 476 2190 forsan
498 2140 700 2190 DEUM
726 2152 821 2201 pro
846 2135 1084 2200 Authore
1109 2134 1287 2198 allegas
1301 2134 1331 2195 ἐν
1371 2131 1452 2181 secl
1475 2131 1631 2195 quam·
1649 2130 1851 2197 indigne
1868 2135 1884 2182 l.
1929 2150 2058 2185 nun-

349 2206 434 2253 uid
451 2204 624 2254 DEUS
650 2201 812 2250 obibit
847 2199 1214 2248 dormientium:
1245 2194 1425 2250 lestos,
1448 2195 1765 2260 concursabit
1791 2196 2056 2261 grabatos,

310 2270 329 2316 1
356 2266 627 2315 ertentibus
646 2265 831 2321 injiciet
861 2263 1087 2315 somnia,
1103 2274 1216 2324 quae·
1241 2257 1567 2323 expergefacti
1593 2260 1675 2309 vel
1703 2274 1813 2309 non
1840 2259 2054 2325 amplius

311 2329 664 2383 recordentur,
686 2328 765 2377 vel
792 2342 900 2374 non
929 2326 1229 2390 intelligant,-
1246 2322 1326 2373 vel
1345 2322 1489 2384 quod
1518 2322 1668 2385 pejus,
1693 2326 2055 2374 contemnant?

313 2408 467 2458 apage
488 2391 570 2441 sis:
605 2407 728 2440 nam
753 2391 901 2440 DEO
920 2387 1113 2454 dignius
1132 2386 1303 2438 senties
1316 2418 1329 2439 ,
1351 2400 1446 2451 pro
1470 2382 1676 2451 utilitate
1693 2385 1917 2451 humana
1934 2403 2056 2436 con-

313 2456 507 2508 sultius,
530 2455 712 2504 rationi
741 2468 950 2516 quoque
979 2448 1386 2517 convenientius,
1405 2447 1439 2496 fi
1472 2448 1603 2497 dicas
1630 2447 1658 2498 a
1684 2450 1830 2499 DEO
1853 2450 1953 2498 dari
1982 2452 2052 2499 vi-

313 2519 388 2577 sa,
408 2534 518 2570 non
535 2516 767 2573 sordidis,
793 2531 902 2567 non
927 2514 1169 2570 melodus,
1189 2512 1270 2563 sed
1289 2512 1494 2580 optimis
1519 2515 1571 2564 ὅ(
1595 2512 1916 2623 sapientibusds
1939 2526 2052 2563 non

1910 2591 1991 2627 or-
