2132 2916
716 68 898 131 Wrgula
929 69 1146 132 Morphei.
1657 82 1750 133 129

55 172 117 226 In
137 165 377 241 oppositis
395 165 576 222 eadem
604 170 816 234 argutari
853 166 1107 217 methodo
1145 163 1270 215 solet
1296 163 1617 234 Philosophia
1641 183 1652 216 ε
1687 167 1811 218 hinc

57 238 268 289 somnus
297 238 446 298 ligatio
465 234 654 293 sensuum
680 269 692 285 ,
723 231 890 298 vigilia
907 228 1032 282 vero
1046 231 1230 288 fiilutio:
1274 231 1342 280 illi
1364 243 1539 281 natura
1561 231 1697 281 dedit
1714 247 1814 297 pro

63 299 200 356 fine,
234 313 285 348 ut
301 311 472 360 reparet
489 298 692 359 spiritum
735 295 879 349 huic,
913 307 963 340 ut
992 305 1190 354 operetur
1207 308 1297 357 per
1315 293 1503 359 spiritus
1529 307 1807 361 reparatos:

54 365 200 413 illum
226 363 418 414 inducit
443 361 603 426 gelata
637 374 889 424 vaporum
921 356 1152 416 conjunffio
1166 378 1183 410 ;
1216 356 1348 406 hanc
1371 356 1577 417 dissolutio
1602 379 1612 405 :
1650 359 1732 408 ille
1753 358 1811 408 fit

55 426 244 492 spiritus
259 428 477 473 retinendo
489 446 505 478 ,·
529 423 633 473 haec
659 422 995 468 communicando
1006 421 1398 482 spiritusffretentos.
1445 421 1495 471 A
1516 421 1702 471 somno
1725 424 1811 486 igi-

55 502 136 538 tur
159 489 356 538 excitari
377 487 498 550 quid
525 485 658 535 aliud
684 487 793 539 erit,
809 483 964 546 quam
979 496 1190 548 vapores
1203 483 1392 532 cerebri
1407 482 1644 548 dissipari?
1668 486 1813 547 quod

56 552 90 601 si
113 551 217 600 fieri
241 553 502 615 contingat
527 548 554 598 a
584 549 754 597 calore
780 549 955 596 nativo
978 579 991 600 ,
1026 557 1113 595 tua
1134 545 1311 610 sponte
1337 547 1615 611 evigilabi83
1636 547 1670 597 si
1691 547 1809 597 hor-

54 629 171 666 rore
202 614 362 663 subito
384 646 397 667 ,
433 613 512 664 vel
541 625 731 660 terrore
756 643 768 664 ,
806 611 890 673 qui
917 625 1108 672 nervos>
1133 609 1389 658 concutiat
1414 642 1429 665 ,
1465 625 1521 660 36
1551 622 1807 677 torpentes

55 676 242 742 spiritus
269 677 503 729 ventilet,
535 675 700 723 3116110
725 673 929 722 arbitrio
951 671 1256 721 excitaberis„

183 740 380 805 LEUAC:
417 740 582 802 Frigus
604 740 751 802 igitur
775 735 982 788 cerebri,
1000 750 1106 797 quo
1119 750 1349 799 vaporeS,
1363 738 1412 784 in
1424 736 1670 786 meatibus
1684 753 1807 787 con-

57 803 260 857 densati,
282 805 417 852 viam
450 801 687 866 spiritibus
714 796 1005 852 obstruunt,
1041 798 1330 864 prodigiosa>
1359 796 1428 847 est
1458 801 1539 849 illa
1563 801 1806 866 Morphei

57 866 281 930 Virgula,
302 866 438 920 cuius
456 864 637 913 attactu
657 879 752 912 nos
771 865 821 910 in
845 862 1083 910 somnum
1108 861 1272 910 delabi
1292 862 1518 912 fabulosa
1536 862 1676 913 finxit
1696 866 1807 914 An·

56 930 284 990 tiquitas?
351 930 507 975 MEL:
573 924 654 975 Est
679 926 843 974 somni
862 925 1002 974 eausa
1025 939 1135 973 non
1153 925 1381 980 minima,
1395 923 1606 975 minime
1632 939 1805 978 tamen

57 988 127 1039 est
149 993 280 1040 sola:
317 992 451 1044 sunt,
484 989 662 1053 quibus
688 991 925 1037 somnum
949 988 1184 1038 conciliat
1194 986 1403 1048 fatigatio
1423 1007 1436 1034 .-
1471 989 1715 1053 liquidem
1733 993 1806 1041 in-

55 1054 217 1102 tensus
237 1055 381 1103 labor
400 1053 583 1117 spiritus
604 1052 704 1101 dissi
722 1064 817 1105 131,
839 1058 1062 1113 quorum
1083 1051 1297 1105 defectu,
1319 1064 1429 1101 utut
1448 1052 1678 1103 sensuum
1698 1070 1806 1105 ner-

55 1119 107 1166 vi
129 1133 235 1165 11011
250 1114 584 1169 obstruantur,
605 1069 748 1164 facile
773 1117 880 1177 quis
900 1113 997 1162 labi
1018 1113 1144 1162 solet
1165 1115 1215 1162 in
1237 1115 1401 1163 somni
1419 1128 1555 1178 grata
1570 1117 1801 1180 deliquia.

56 1180 184 1236 Alijs
208 1193 355 1244 caput
376 1180 579 1228 inclinat
601 1177 773 1236 refeffio
799 1180 983 1237 corporis
1003 1210 1015 1230 ,
1054 1174 1271 1225 maxime
1304 1177 1337 1225 fi
1363 1177 1418 1226 fit
1447 1179 1573 1227 faeta
1601 1195 1657 1228 ex
1684 1181 1802 1231 cibo

55 1241 288 1307 potuque
313 1241 601 1293 fumosioris
625 1237 897 1290 substantiae
917 1273 929 1292 ‚
950 1251 1093 1303 puta,
1117 1241 1235 1293 vini,
1258 1244 1530 1305 papaveris,
1545 1242 1802 1306 absynthii,

56 1306 157 1370 opii
186 1324 197 1353 ;
233 1318 353 1355 tunc
376 1307 512 1353 enim
536 1319 747 1369 vapores
771 1336 784 1357 ‚
821 1301 1036 1351 craffiori
1054 1304 1254 1368 agmine
1272 1301 1299 1351 ὲ
1324 1301 1593 1353 stomacho
1608 1307 1809 1363 elevati,

55 1368 385 1431 vagabundos
407 1369 593 1432 spiritus
612 1366 965 1429 aggrediuntur
978 1398 990 1418 ,
1016 1367 1310 1429 opprimunt
1329 1400 1342 1420 ,
1356 1367 1605 1431 jugulant,
1625 1368 1806 1420 senfiis-

57 1446 157 1494 que
180 1432 332 1495 ligant
357 1432 595 1495 captivos.
663 1429 760 1477 Sed
781 1430 829 1476 ὃς
848 1427 999 1486 mufica
1013 1429 1317 1477 conciliatrix
1337 1429 1499 1478 somni
1522 1428 1590 1479 est
1609 1436 1804 1483 nonin-

59 1510 294 1543 amoena:
332 1509 450 1541 nam
470 1492 806 1540 harmoniacis
821 1489 1015 1555 Orphei
1033 1485 1283 1547 blanditijs
1305 1494 1494 1542 intenta
1515 1497 1680 1544 anima
1702 1529 1715 1550 ,
1752 1500 1804 1549 &t

55 1557 193 1606 velut
212 1558 415 1605 extatica
429 1589 442 1610 ,
466 1552 609 1605 facile
631 1554 755 1603 solet
778 1553 1005 1602 sensuum
1024 1553 1271 1604 oblivisci:
1308 1554 1425 1605 hinc
1453 1555 1693 1622 spiritibus
1715 1576 1806 1610 eos

59 1617 301 1674 destituit,
330 1634 459 1681 quos
479 1618 543 1676 361
571 1618 799 1668 311611111111
828 1629 1108 1671 convocat,
1133 1621 1183 1667 ὅ(
1201 1618 1264 1668 361
1285 1618 1502 1668 muficos
1528 1635 1807 1673 concentus

55 1684 246 1732 invitat.
314 1683 382 1732 Hi
415 1683 561 1746 proin
581 1697 676 1746 pro
701 1678 869 1730 11111313
896 1680 1068 1729 11161016
1087 1679 1364 1745 humorem
1381 1715 1394 1737 ,
1418 1682 1452 1731 si
1473 1698 1628 1746 quem
1645 1685 1713 1734 ibi
1733 1689 1807 1736 in-

54 1748 288 1799 veniunt,
309 1745 510 1794 solvunt
536 1745 589 1792 in
614 1744 825 1792 halitum
849 1762 859 1790 :
897 1756 1048 1807 atque
1071 1745 1136 1792 ita
1162 1745 1390 1794 auditum
1417 1747 1685 1811 vaporibus
1715 1749 1806 1799 ob-

55 1808 337 1857 nubilatum
351 1842 364 1861 ,
386 1805 645 1869 sensusque
665 1807 882 1869 reliquos
894 1840 907 1862 ,
926 1806 1166 1871 spiritibus
1188 1805 1463 1864 destitutos,
1477 1808 1712 1861 facillime
1730 1812 1803 1862 su-

56 1870 163 1921 bire
191 1871 317 1920 solet
339 1871 553 1926 jucunda
575 1872 730 1932 quies,

212 1935 409 1985 LEUC:
448 1936 574 1985 Non
600 1946 731 1980 caret
760 1932 1023 1980 cerebrum
1052 1934 1225 1981 nativo
1251 1935 1419 1983 calore
1442 1968 1456 1990 ,
1491 1934 1579 1984 nisi
1600 1936 1798 1990 fallant,

55 1996 157 2046 sive
182 1997 413 2046 fallantur
440 1999 568 2045 inter
584 1994 918 2059 Philosophos
938 1994 1108 2043 multi‘.
1145 2011 1252 2058 quo
1278 1998 1426 2059 igitur
1444 1999 1592 2063 paeto
1617 2016 1800 2065 conge-

57 2060 178 2108 labit
196 2071 444 2124 vaporum
468 2059 840 2108 ascendentium
866 2058 1077 2123 globos?
1114 2074 1220 2121 quo
1240 2060 1387 2124 paeto
1417 2063 1667 2126 congelati
1688 2065 1801 2115 suos

62 2119 319 2175 obstruere
346 2136 540 2172 meatus
566 2121 795 2187 poffunt?
861 2122 1018 2167 MEL:
1086 2122 1214 2171 Non
1243 2136 1378 2172 earet
1405 2127 1667 2175 cerebrum
1691 2143 1804 2177 om-

62 2187 114 2234 ni
140 2186 307 2233 calore
327 2218 339 2238 ,
366 2186 446 2233 sed
465 2201 559 2234 1166
577 2198 710 2233 caret
732 2184 911 2240 majori
931 2185 1143 2249 frigore5
1178 2183 1232 2233 ni
1255 2188 1390 2234 enim
1412 2188 1570 2239 fallat,
1596 2188 1695 2238 five
1717 2192 1804 2240 fal·
1883 2232 1889 2238 .

62 2250 189 2297 latur
212 2250 337 2295 inter
356 2248 688 2313 Philosophos
710 2249 958 2312 Princeps,
978 2248 1241 2297 cerebrum
1261 2248 1419 2314 magis
1441 2252 1678 2301 omnibus
1698 2270 1802 2317 par-
1823 2262 1852 2308 l.
1868 2264 2020 2319 deSom

63 2312 192 2362 tibus
216 2310 434 2359 abundat
455 2310 657 2375 frigore.
727 2311 784 2360 Id
805 2310 975 2358 saltem
994 2326 1102 2358 non
1124 2311 1212 2359 ibis
1232 2312 1443 2368 inficias,
1467 2314 1559 2364 effe
1579 2315 1798 2379 frigidius
1824 2343 1844 2373 c
1879 2341 1902 2386 3
2021 2301 2038 2315 ”

63 2374 244 2426 corde:
283 2371 355 2422 uti
383 2372 533 2438 ergo,
555 2370 674 2422 teste
695 2372 1033 2437 Philosopho,
1061 2389 1294 2438 vapores,
1319 2376 1431 2425 solis
1461 2372 1628 2427 calore
1651 2379 1678 2429 ὲ
1710 2379 1800 2430 1111-
1848 2363 1860 2376 ⁸
1910 2365 1923 2377 ⁶

63 2437 211 2487 midis
233 2449 368 2489 terrae
387 2435 645 2487 visceribus
670 2435 935 2501 surgentes,
954 2438 1005 2484 in
1029 2439 1235 2501 regione
1256 2441 1378 2488 ae'ris
1398 2439 1659 2495 mediadic
1679 2458 1800 2492 con-

68 2501 322 2566 gelantur,
341 2512 395 2551 ut
417 2503 470 2554 in
489 2515 676 2564 aquam
705 2498 852 2556 verli,
872 2499 935 2550 ad
960 2501 1063 2550 ima
1088 2501 1177 2551 suo
1195 2503 1423 2570 pondere
1445 2506 1666 2556 recidant
1687 2522 1699 2556 5
1736 2505 1801 2557 fic

934 2563 986 2615 R
1538 2568 1739 2620 calidio-
