2177 2905
412 94 502 143 1'66
1011 91 1219 147 Arssadne'
1243 89 1447 161 Phyficae}⁸

473 180 671 251 LEUC:
741 182 1104 234 ExDodonaeo
1124 194 1336 236 nemore
1350 184 1479 234 hane
1501 179 2114 248 effe-quereumiurabunt.

348 247 441 300 illi,
462 247 643 310 quibus
662 249 853 313 volupe
873 264 990 297 cum
1006 249 1172 299 Poetis
1198 251 1397 313 nugari,
1430 252 1479 299 <Sc
1500 248 1562 298 ad
1582 253 1765 311 quaevis
1790 262 1975 300 naturae
1996 266 2105 315 my-

349 308 490 359 steria
509 344 522 366 ‚
559 327 645 376 per
667 314 922 362 machinas
946 329 1069 361 mox
1090 313 1338 362 advehere
1365 314 1392 370 J
1399 328 1553 363 ovem
1571 313 1891 377 Olympinn.
1962 315 2105 364 Con-

349 373 516 424 firmat
537 374 641 424 haec
669 378 968 441 experientia
1003 377 1150 425 aliam
1171 411 1183 430 ,
1223 393 1329 425 non
1372 375 1536 425 minus
1568 378 1618 425 in
1643 379 1872 441 Peripato
1895 378 2114 442 parado-

347 454 462 486 xam
483 457 496 484 .·
519 453 617 501 qua
641 455 826 505 nempe
840 440 1128 503 Corylaceae
1148 438 1670 506 virgffympathicam
1691 441 1753 488 ad
1772 442 1973 489 metalla
1992 456 2107 506 pro-

346 502 645 566 penfionem
666 503 926 553 Authores
950 504 1162 553 afferunt
1178 539 1189 558 ,
1213 508 1466 569 graviores
1486 503 1691 554 forsitan
1707 536 1720 557 ,
1758 504 1913 566 quam
1927 517 1980 554 ut
1992 507 2101 568 quis

348 562 604 614 sarcastieo
637 567 780 616 sibilo
810 583 898 616 eos
930 580 1035 616 tam
1063 569 1235 618 leviter
1255 573 1306 619 in
1334 584 1472 618 auras
1499 563 1732 617 exsufflet.
1811 569 1860 617 Si
1876 570 2013 617 enim
2035 584 2106 617 ar-

350 629 448 679 bor
473 630 719 680 attrahere
742 628 905 696 potest
929 632 1222 697 sonipedem
1257 630 1629 698 cataphractum
1661 664 1673 684 ‚
1710 646 1798 680 cur
1822 632 2104 686 numeralia,

351 693 666 758 sympathicis
693 695 1109 760 corpusculorum
1138 694 1361 754 effinvijs,
1388 695 1631 744 attrahere
1657 708 1911 757 nequeant
1938 695 2109 744 metal-

162 814 168 817 ,
348 757 652 806 lothericam
677 759 922 822 virgulam
938 791 949 812 ‚
974 771 1026 807 ut
1048 761 1155 821 quis
1184 760 1309 809 illins
1337 763 1518 809 virtute
1542 774 1691 808 venas
1729 758 1998 807 metallicas
2026 759 2112 808 dea

158 848 187 873 ,-
345 818 560 885 te'gat‚ac
578 822 783 870 latentes
811 821 1011 886 indaget
1032 822 1283 872 thesauros
1310 826 1323 871 ?
1361 818 1493 870 certe
1517 821 1551 869 si
1576 823 1684 883 quis
1711 824 1969 869 rationum
1995 838 2106 870 mo-

349 895 525 934 menta
554 917 567 939 ‚
604 898 783 934 contra
804 885 933 934 hane
964 887 1211 948 virgulam
1235 884 1398 933 afferri
1424 884 1562 932 solita
1589 917 1602 937 ‚
1638 883 1708 953 acl
1723 882 2000 932 censoriam
2017 886 2110 934 vir-

349 948 524 1012 gulam
552 961 759 998 revocet
780 982 793 1002 ,
818 948 1018 998 videbit
1037 982 1049 998 ‚
1086 951 1208 996 tanti
1228 947 1464 1011 ponderis
1499 963 1607 996 non
1632 948 1726 994 efle
1746 978 1760 1001 ‚
1788 959 1843 996 ut
1866 947 1946 995 vel
1967 948 2108 1005 Casum

353 1013 612 1066 evincant,
638 1012 718 1061 vel
740 1011 1137 1076 Metalloscopos
1163 1027 1346 1061 omnes
1371 1012 1548 1075 Stygiae
1572 1012 1752 1075 Magiae
1783 1013 2106 1060 convincant.

350 1076 492 1124 Nam
516 1088 712 1123 certum
733 1088 930 1139 tempus
960 1108 972 1127 ‚
1009 1089 1115 1138 quo
1136 1076 1368 1125 nonnulli
1392 1076 1642 1124 surculum
1669 1075 1892 1124 enodem
1915 1073 1943 1123 a
1966 1090 2110 1140 cory-

350 1139 405 1186 lo
435 1137 656 1202 separant
681 1171 693 1191 ‚
732 1150 864 1187 certa
902 1139 1054 1186 verba
1084 1172 1096 1192 ‚
1133 1155 1246 1202 quae
1272 1139 1513 1187 adhibent
1540 1172 1551 1193 ‚
1589 1140 1902 1187 certosritus
1931 1171 1944 1192 ,
1980 1153 2111 1202 quos

347 1201 556 1264 quidam
579 1201 845 1251 observant
869 1235 881 1256 ‚
918 1203 1118 1266 virgnlae
1139 1202 1347 1252 abusum
1371 1202 1719 1251 damnandum
1735 1202 1977 1266 probant,
1999 1218 2111 1251 non

348 1264 510 1314 usum.
579 1266 666 1315 Nil
694 1265 851 1314 simile
873 1266 1138 1328 Virgularij
1167 1268 1454 1331 peritiores,
1485 1265 1572 1315 nisi
1609 1262 1742 1314 forte
1773 1265 1836 1314 ad
1867 1267 2109 1328 speciem,

350 1340 406 1377 ut
426 1328 606 1378 ludunt
634 1329 818 1378 faciant
846 1331 1124 1394 imperitos,
1193 1332 1442 1394 Qamvis
1477 1333 1527 1380 ἃ
1563 1329 1684 1378 illud
1718 1328 2028 1392 Philosopho
2054 1329 2112 1379 sit

354 1392 672 1457 exploratum
697 1426 709 1447 ‚
739 1409 849 1441 non
877 1397 1106 1455 quamvis
1136 1391 1556 1442 circumstantiam
1579 1389 1830 1442 continuo
1851 1394 1913 1443 ad
1927 1392 2113 1457 Pytho-

169 1476 293 1533 Ἀήρ
355 1471 443 1505 nes
468 1455 727 1506 Theffalos
767 1457 1105 1521 relegandam.
1175 1456 1418 1506 Desinant
1448 1453 1559 1505 sane
1588 1457 1818 1505 Botaniei
1850 1457 2113 1507 observare

141 1543 234 1593 5er
268 1515 310 1589 2⁰
359 1520 580 1584 aspectus
597 1519 814 1569 siderum
835 1554 848 1574 ‚
884 1535 1005 1569 nam
1034 1518 1178 1583 quod
1198 1521 1423 1581 Pulegium
1446 1519 1700 1574 florescat,
1721 1516 1866 1582 quod
1887 1522 2010 1568 Ulmi
2035 1521 2114 1569 fo-

140 1579 312 1658 rohsn·
362 1584 426 1632 lia
444 1585 757 1633 invertantur
786 1581 967 1639 solstitii
1000 1584 1078 1632 die
1104 1618 1116 1637 ,
1152 1585 1284 1632 fraus
1314 1586 1404 1632 erit
1442 1586 1623 1646 Magiae
1652 1581 1853 1648 stygiae3
1890 1583 2112 1634 desinant

113 1676 209 1723 Gen
237 1645 255 1719 'l
309 1645 331 1720 ἐ
365 1645 644 1696 Architecti
665 1646 928 1697 observare
953 1649 1107 1695 Lunae
1127 1660 1323 1694 aetatem
1341 1679 1352 1700 ‚
1391 1658 1445 1694 ut
1475 1648 1607 1709 ligna
1632 1648 1856 1699 caedant3
1891 1648 2113 1697 hortula-

112 1756 137 1787 ε
169 1710 225 1797 7’
257 1685 300 1731 '9
362 1712 447 1764 ni,
468 1722 522 1757 ut
542 1709 727 1758 semina
746 1723 883 1758 terrae
905 1711 1207 1760 comittants
1242 1708 1473 1768 Podalirij
1496 1742 1509 1763 ‚
1536 1721 1590 1757 ut
1607 1709 1708 1758 dies
1738 1710 1935 1758 criticos
1952 1725 2118 1764 ,mor-

97 1780 101 1781 ’
137 1773 149 1786 ”
205 1777 216 1788 ’
361 1768 535 1835 bisque
557 1771 727 1824 fatales
747 1773 962 1822 siderum
984 1772 1194 1821 influxus
1215 1775 1402 1821 evitent
1426 1790 1436 1821 :
1482 1771 1704 1837 definant
1725 1805 1737 1827 ‚
1757 1774 1995 1836 inquam,
2026 1773 2115 1823 nisi

359 1837 568 1886 foederis
585 1852 702 1886 cum
725 1839 869 1887 Orco
895 1838 1002 1884 initi
1023 1838 1259 1884 convinci
1287 1836 1466 1891 velint,
1489 1851 1576 1900 per
1597 1851 1766 1886 novos
1790 1834 1942 1886 hosce
1964 1840 2015 1885 in
2027 1839 2114 1886 Pe-

356 1903 519 1965 ripato
540 1899 870 1962 inquilitores.
941 1896 1103 1963 Qod
1120 1897 1153 1946 fi
1173 1898 1478 1950 obtendant,
1500 1900 1747 1964 virgulam
1763 1898 2115 1950 divinatoriam

359 1979 454 2013 nec
472 1963 664 2028 semper
689 1978 915 2012 exercere
939 1966 1209 2016 virtutem·³
1236 1977 1329 2009 nec
1352 1960 1467 2012 raro
1492 1961 1677 2018 fallere,
1702 1963 1880 2018 sciant,
1900 1967 1952 2013 in
1975 1978 2117 2027 expe-

363 2031 586 2077 rimento
607 2039 712 2075 tam
744 2027 959 2075 delicato
985 2059 998 2080 ,
1036 2041 1146 2074 non
1180 2024 1445 2074 difficulter
1482 2028 1781 2076 intervenire
1823 2024 2080 2076 obstacula
2101 2060 2115 2082 ‚

366 2106 477 2154 quae
500 2088 736 2139 effectum
759 2089 1061 2154 impediant,
1098 2089 1178 2138 vel
1208 2085 1515 2138 frustrentur.
1619 2091 1732 2140 Nec
1758 2089 2009 2156 displicere
2028 2106 2118 2156 po·
2145 2140 2148 2144 ,

363 2152 455 2203 test
486 2153 888 2217 responfio,quae
913 2152 1193 2207 adversariis
1216 2153 1377 2216 placet
1396 2156 1447 2202 in
1472 2151 1631 2201 simili.
1705 2154 1970 2219 Virgulam
1998 2170 2117 2218 prae-

366 2229 589 2282 paratam
613 2232 670 2265 ex
695 2217 830 2269 alno,
850 2215 883 2263 si
904 2212 1051 2264 instar
1076 2218 1366 2279 magneticae
1387 2216 1600 2279 lingulae,
1616 2216 1759 2281 super
1778 2218 1936 2267 obelo
1959 2218 2118 2282 perfe-

367 2276 444 2329 et‘e
468 2280 673 2328 libretur
697 2314 709 2334 ‚
745 2280 1069 2340 inclinatione
1090 2278 1170 2326 sua
1190 2278 1406 2343 prodere
1439 2281 1611 2329 dicunt
1633 2281 1873 2330 latentem
1896 2280 2085 2329 undam
2100 2313 2114 2335 ‚

125 2342 284 2400 Kirch.
302 2339 334 2386 l.
369 2342 479 2395 etii,
506 2342 561 2390 ut
582 2343 762 2391 fatetur
782 2339 1199 2407 Cotylo-Mastix
1226 2357 1335 2395 non
1357 2358 1516 2391 nemo
1534 2377 1545 2395 ,
1573 2343 1645 2402 etfi
1677 2359 1756 2389 non
1781 2349 1928 2408 quovia
1955 2355 2114 2404 tempo-

132 2423 174 2467 3,
197 2418 336 2463 magn.
371 2423 439 2458 re,
452 2405 524 2463 sed
542 2419 640 2451 ante
661 2408 880 2452 meridiem
902 2407 951 2452 ιὶῑ
962 2405 1199 2466 plurimam
1222 2438 1237 2458 ‚
1277 2406 1375 2451 dum
1396 2418 1531 2466 vapor
1549 2406 1604 2460 est
1632 2407 1854 2467 copiosior,
1886 2409 1994 2454 hunc
2011 2419 2116 2467 prae-

122 2483 171 2537 p.
189 2480 340 2529 5.c.2.
361 2471 449 2525 stet
469 2465 659 2527 effeffum
687 2487 699 2514 .·
735 2471 969 2515 meridiano
993 2482 1136 2515 autem
1166 2467 1188 2525 (
1207 2479 1356 2529 utpote
1376 2481 1538 2530 vapore
1564 2470 1796 2532 consumpto
1819 2469 1841 2526 )
1871 2487 1950 2516 non
1967 2473 2072 2516 item
2098 2487 2113 2515 ,-

373 2534 606 2598 tnnc-enim
640 2532 857 2595 virgulam
881 2533 1102 2586 ⁸Alninam
1131 2532 1262 2596 paulo*
1293 2533 1417 2586 ante‘,
1449 2531 1476 2580 ὰ
1497 2545 1656 2596 vapore
1689 2531 1711 2591 <
1728 2545 1854 2585 terra
1877 2532 2112 2645 exe-‘21¹¹‘oe’

1895 2611 1974 2650 avi
2011 2612 2059 2648 e-
