2177 2905
722 43 904 136 Oedipus
925 64 1138 134 Physiciss.
1382 79 1385 81 ’
1654 65 1739 123 183

265 170 342 233 Est
361 170 530 223 am‘mat-
542 168 719 234 Phyficae
735 205 750 223 ,
775 171 987 230 Magnum
997 166 1126 226 fimul
1140 176 1273 231 atque
1286 164 1478 228 pusillum
1496 184 1510 214 t

393 237 481 287 Vix
504 236 668 300 aliquid
686 234 824 295 majus
841 269 856 286 ‚
890 235 974 280 vix
992 234 1130 279 minus
1152 229 1269 279 orbis
1293 230 1439 281 habet.

41 302 199 353 ME&
235 302 523 354 Hominem
545 311 691 350 notas
712 331 726 353 ,
754 300 842 363 qui
864 294 1031 347 modo
1049 307 1194 345 natus
1215 294 1279 345 de
1301 291 1447 361 stirpe
1467 293 1676 345 Enacim
1697 325 1711 348 ‚
1746 293 1805 347 in.
1819 333 1845 365 ι

0 401 10 407 -ι
39 367 351 433 Giganteam·
364 362 562 428 assurgit
582 362 781 412 molem
802 379 814 410 :
851 358 1019 410 modo
1046 355 1077 410 ὲ
1102 358 1496 424 Mirmydonum
1517 370 1667 423 gente
1685 389 1700 412 ,
1736 356 1802 407 ad

39 428 461 496 compendiosam
495 427 724 483 formicae
761 424 992 492 synopsin
1015 424 1248 486 membra
1270 421 1524 472 contrahit
1559 421 1806 472 deformis

39 494 239 547 Nanus.
308 492 474 542 Multa
493 489 634 540 finxit
669 489 894 539 fabulosa
915 488 1204 552 Antiquitas
1233 485 1539 552 deTyphaeis
1567 486 1806 536 centima-

43 559 142 608 nis:
163 558 345 620 quibus
359 557 526 616 gemini
541 587 555 608 ,
595 552 692 600 dirc‘i
727 570 801 599 ceu
824 554 916 600 luce
939 589 953 606 ‚
991 565 1157 599 cometae
1176 554 1383 599 immanes
1401 552 1552 597 ardent
1579 550 1714 600 oculi,
1736 550 1807 593 de-

40 619 288 684 fbrmia'que
305 620 445 680 amplo
481 635 557 664 ora
569 629 724 678 patent
744 615 872 664 rista.
958 616 1123 665 Multa
1159 615 1222 665 de
1256 616 1537 680 tricorpore
1564 608 1805 663 Monstro

44 684 301 748 Geryonis
321 701 333 726 τ
369 682 432 731 de
451 682 623 746 Caco,
642 681 729 745 qui
748 682 977 727 Aventinae
996 682 1153 731 timor,
1175 676 1425 737 &infamia
1442 679 1597 740 sylvae,
1622 679 1724 724 Nec
1740 676 1800 722 le-
1829 688 2046 738 Ovid.t.1.

43 764 101 794 ve
110 746 339 804 finitimis,
361 743 670 809 hospitcbdsque
691 743 868 807 malum,
937 743 1101 794 Multa
1121 743 1182 791 de
1201 742 1513 807 Cyclopibus
1527 774 1540 794 ,
1556 738 1803 805 Polyphe·
1822 750 1924 814 fist,

41 812 168 862 mis,
192 809 477 862 Enceladis,
500 804 737 856 monstris
762 806 1054 861 horrendis,
1074 805 1408 859 informibus,
1439 805 1583 854 vultu
1602 806 1688 867 qui
1700 803 1808 863 fide-

43 890 98 920 -ra
114 874 314 933 pulsant,
339 871 492 936 quibus
511 887 631 916 coma
648 871 840 930 plurima
865 885 1012 916 torvos
1035 872 1253 931 prominet
1276 873 1320 915 in
1348 870 1498 916 vultus
1525 904 1538 919 ,
1572 864 1806 929 humenis&
1836 890 1960 937 Idem

45 949 97 983 ut
128 938 246 980 lucus
274 935 503 981 obumbrat
527 970 537 979 .
580 934 738 981 multa
768 935 975 996 inquam
999 965 1014 985 ‚
1045 933 1108 980 de
1137 931 1386 990 eiusmodi
1413 929 1646 980 monstris
1672 929 1809 979 fabu-
1835 954 1853 1001 l
1896 966 1950 1012 13

39 999 143 1049 losa
166 998 458 1060 Antiquitas
479 1029 496 1050 ,
531 998 714 1058 quibus
739 1012 829 1061 per
851 996 1329 1060 Gigantomachiam
1345 1029 1358 1050 ,
1382 994 1714 1061 superinieffls
1734 994 1806 1041 in-
1833 988 2004 1066 Metam

39 1064 207 1122 vicem
231 1061 493 1109 montibus
512 1095 525 1110 ,
551 1062 601 1107 in
624 1061 718 1122 ipia
740 1060 908 1109 Sidera
925 1062 1134 1109 tentavit
1156 1059 1386 1108 ass'ultum
1412 1092 1426 1111 ‚
1466 1075 1524 1108 ac
1545 1055 1572 1107 ὲ
1596 1053 1806 1108 Coelesti
2007 1050 2022 1067 ⁶

41 1124 304 1189 Capitolio
343 1124 536 1188 fugavit
563 1122 791 1171 imbelles
827 1124 988 1172 Deos.
1088 1124 1156 1174 Ut
1174 1137 1345 1171 tamen
1369 1119 1395 1171 ὲ
1426 1122 1661 1171 fabuloso
1693 1137 1805 1169 cor·

39 1190 137 1237 tice
159 1189 375 1236 veritatis
392 1187 634 1235 nucleum
659 1200 919 1237 eruamus,
937 1185 1060 1234 illud
1083 1183 1214 1234 estin
1227 1184 1485 1240 confesso,
1513 1188 1564 1235 in
1583 1184 1708 1234 orbe
1721 1184 1804 1233 da-

7 1273 9 1275 *
38 1253 82 1302 ri
110 1251 361 1308 ejusmodi
383 1248 587 1300 effeetus
609 1265 795 1298 naturae
825 1264 967 1298 raros
991 1281 1006 1303 ‚
1050 1251 1135 1312 qui
1171 1247 1199 1298 a
1219 1248 1532 1314 Philosopho
1545 1250 1804 1308 praevarica-

39 1317 178 1363 tiones
193 1349 209 1365 ,
229 1315 467 1374 &peecata
496 1312 686 1374 Naturae
708 1336 723 1366 ‚·
743 1313 822 1376 ‘ab
854 1314 958 1368 aliis
985 1314 1207 1373 degeneres
1230 1312 1258 1359 ἁ
1274 1314 1406 1371 sblita
1428 1311 1684 1374 dispositione
1701 1309 1804 1366 sub-

28 1375 224 1433 stantiae:
260 1377 325 1425 ab
344 1377 446 1433 aliis
468 1377 539 1425 ob
562 1378 786 1425 nominis
808 1389 1023 1441 etymon
1038 1391 1173 1440 ,quo
1192 1376 1385 1427 insolita
1408 1374 1664 1429 monstrare,
1686 1389 1804 1420 mon-

29 1439 251 1505 strarique
279 1442 512 1506 cupimus
533 1473 547 1493 ‚
591 1452 800 1504 recepto
833 1441 934 1497 jam
957 1443 1169 1488 nomine
1197 1473 1212 1494 ,
1241 1439 1437 1494 Morstra
1463 1438 1803 1503 indigitantur.

42 1505 247 1554 Horum
273 1537 287 1559 ,
326 1505 442 1566 quia
478 1505 622 1551 variae
650 1504 804 1552 causae
833 1536 849 1557 ,
896 1503 1021 1551 mira
1051 1517 1261 1566 quoque
1295 1503 1540 1568 reperitur
1573 1502 1798 1550 varietas-

44 1569 441 1629 Nonnunquam
465 1565 715 1615 redundat
748 1568 954 1615 materia
992 1568 1167 1615 matrix
1191 1599 1205 1619 ,
1256 1566 1334 1614 vel
1368 1568 1519 1614 virtus
1572 1560 1803 1629 plastica:

3 1655 10 1661 ·
40 1630 161 1681 hinc
183 1631 376 1680 Goliati
387 1629 657 1694 psoricum,
670 1641 820 1692 atque
833 1629 1125 1682 samsones,
1147 1630 1226 1678 vel
1242 1629 1317 1683 alii
1336 1629 1398 1677 de
1420 1643 1601 1693 genere
1621 1628 1808 1691 Gigan-

41 1705 128 1742 teo
153 1725 169 1746 ‚
205 1693 387 1756 quibus
417 1694 696 1755 comparati
724 1707 821 1740 nos
840 1693 1018 1756 pumili
1048 1692 1235 1742 merito
1265 1692 1555 1742 videremur
1578 1687 1800 1739 Iocustae.

44 1758 295 1810 Noveris,
309 1754 451 1819 quod
472 1757 522 1803 in
538 1755 695 1804 Insula
721 1755 871 1805 Creta
885 1789 899 1809 ‚
922 1770 1010 1819 per
1030 1769 1170 1804 terrae
1191 1769 1397 1804 motum
1420 1754 1639 1819 disrupto
1652 1768 1803 1802 mon·

44 1831 94 1868 te
116 1852 131 1873 ,
150 1821 415 1869 inventum
445 1817 502 1867 sit
532 1818 785 1868 scheleton
809 1851 826 1872 ,
853 1821 991 1877 cuius
1011 1816 1191 1868 statura
1210 1819 1286 1867 sex
1306 1822 1356 1870 ὃς
1371 1818 1694 1881 quadraginta
1718 1831 1803 1866 cu-

43 1882 178 1933 bitos
197 1882 471 1945 superabat.
538 1884 653 1931 Nec
666 1883 1006 1930 Maximinum
1033 1884 1399 1944 imperatorem
1427 1879 1564 1929 fuisse
1587 1882 1802 1930 Narium

44 1957 278 2011 oportet,
301 1959 457 2005 quem
481 1945 650 1992 uxoris
668 1941 860 1991 armilla
890 1944 1060 1991 annuli
1085 1943 1208 1992 loco
1238 1959 1345 1991 non
1359 1943 1509 1992 semel
1531 1944 1672 1992 usum
1694 1975 1707 1996 ,
1729 1941 1801 1990 hi-

44 2005 205 2057 storiae
224 2007 503 2073 perhibent.
561 2008 633 2056 Ex
652 2005 831 2054 eadem
850 2002 994 2071 stirpe
1018 2006 1193 2059 fuerit,
1208 2022 1352 2057 reor,
1382 2006 1543 2066 Jesbi-
1555 2006 1711 2057 benob,
1731 2022 1800 2051 cu·
1835 1995 2047 2059 1.Reg.17

39 2071 113 2132 jus
123 2069 294 2130 ferrum
311 2069 430 2124 hastae
447 2081 663 2116 trecentas
682 2071 826 2115 uncias
853 2068 1129 2130 appendebat.
1224 2072 1411 2119 Narrat
1442 2066 1764 2119 Philostratus
1784 2100 1799 2123 ,
1831 2081 1878 2110 v·
1897 2075 1946 2121 4·

45 2136 268 2186 Neronis
281 2146 421 2183 aetate
433 2134 664 2183 Romam
681 2132 904 2195 Gigantis
918 2132 1125 2182 dentem
1145 2125 1349 2183 allatum
1365 2167 1379 2187 ,
1403 2137 1488 2196 qui
1505 2134 1639 2198 pedis
1664 2148 1803 2181 men-
1833 2128 1888 2172 In
1906 2127 1998 2172 vit.

8 2205 13 2212 '
44 2197 208 2248 suram
236 2212 343 2247 non
363 2194 569 2259 aequarit
588 2194 757 2246 modo
781 2229 796 2250 ‚
823 2195 903 2245 sed
925 2193 1174 2261 superarit.
1258 2195 1418 2267 Qod
1437 2197 1472 2245 fi
1489 2196 1706 2247 Thomae
1718 2197 1804 2245 Fa·
1829 2190 2038 2249 APOIlOn·

1 2299 12 2310 .
46 2263 181 2311 zello
199 2259 347 2313 fides,
377 2261 440 2308 ad
460 2260 680 2309 radicem
703 2262 919 2311 montis,
950 2275 1102 2323 quem
1136 2262 1329 2311 Erieem
1354 2261 1516 2309 Sicilia
1539 2264 1800 2313 nominat,
1829 2256 1903 2300 De
1921 2250 2012 2299 reb·

46 2322 280 2374 effossum
302 2319 440 2373 forte
468 2323 709 2378 cadaver,
726 2325 865 2381 cujus
887 2339 996 2387 pars
1016 2328 1237 2374 anterior
1263 2325 1412 2381 cranii
1436 2325 1736 2374 modiorum
1756 2338 1805 2372 a·
1829 2320 1912 2363 sic.
1936 2317 1966 2364 l·
1987 2327 2029 2365 ¹0

47 2387 213 2450 liquot
238 2387 522 2435 mensuram
543 2388 595 2434 in
620 2386 665 2434 se
680 2388 975 2452 complexa:
1006 2389 1140 2437 aliud
1160 2392 1212 2438 in
1233 2389 1512 2438 Mazareno
1534 2388 1656 2453 agro
1671 2388 1696 2436 a
1710 2403 1798 2434 ca’-
1831 2383 1940 2427 Dec·
1959 2392 2002 2445 ¹7·

46 2449 299 2503 mentariis
321 2462 520 2498 erutum
544 2483 559 2503 ,
580 2450 717 2506 cuius
738 2464 886 2516 eaput
909 2453 1156 2516 Diogenis
1172 2453 1368 2501 dolium
1388 2452 1660 2504 referebat,
1686 2466 1799 2499 mo-
1828 2461 1862 2491 c.
1876 2445 1921 2493 6-

48 2513 175 2568 lares
192 2510 317 2568 vero
337 2514 511 2567 dentes
529 2512 707 2580 singuli
725 2547 740 2573 2
773 2517 997 2582 quinque
1024 2519 1286 2569 unciarum
1305 2518 1536 2585 pondere
1538 2514 1919 2632 bappcndc..an.i
1930 2519 2040 2569 342.

1228 2599 1231 2603 ·
1574 2592 1736 2632 antur.
