2177 2905
418 101 447 136 2
457 101 514 148 30
893 87 1298 154 Technophylacium
1323 92 1557 155 Phyficum.

350 179 778 242 (Constantinum
796 183 1087 247 Magnum)
1124 181 1328 250 repente
1350 186 1597 236 sublatum
1624 183 1685 237 ad
1704 187 1890 242 Sidera,
1909 188 2106 253 rugien-

350 247 479 296 tibus
504 246 764 296 Leonibus
799 249 944 295 oeneis
967 281 981 302 ,
1022 248 1201 310 quibus
1236 246 1627 303 sustentabaturs
1680 255 1729 301 <Sc
1762 252 2103 300 accinentibus

260 380 273 389 Ὗ
336 311 582 362 Ἦνὶωἰίε,
608 325 729 373 quas
750 309 940 359 arboris
962 327 1097 360 acreae
1126 315 1273 361 ramis
1296 314 1397 362 Ars
1423 313 1687 378 plusquam
1710 314 1918 363 Daedala
1937 313 2104 378 affige-

99 1384 292 1434 Paolett.

89 1449 171 1507 fier.
185 1463 202 1494 1
214 1449 258 1498 6.
270 1449 320 1494 de

97 1517 141 1560 S.
148 1513 282 1571 Joan.

101 1578 232 1636 Bapt.

102 1837 181 1889 l.6.
191 1855 228 1888 c.
238 1851 257 1885 1
268 1875 278 1886 .

352 373 453 423 bat.
551 375 642 423 Hae
669 370 835 422 statuae
864 377 1152 438 excogitatae
1179 377 1241 425 ad
1270 377 1472 430 luxum,
1493 378 1555 425 ad
1576 377 1769 426 lustum
1798 378 1930 432 aliae,
1952 392 2101 440 quas,

351 437 537 487 Perillo
562 436 796 488 Artifice‚
821 440 1183 501 Tyrannorum
1216 442 1414 504 ingenia
1445 438 1709 489 invenere.-
1756 441 1860 489 talis
1882 454 1985 489 erat
2004 442 2103 489 Ha·
2132 494 2136 498 q

350 500 475 550 bidis
496 502 746 566 Spartani,
777 515 886 563 quae
906 503 1138 566 amplexu
1157 503 1291 552 fatali
1318 502 1382 551 fic
1404 500 1670 568 stringebat
1700 504 1812 554 suos
1838 503 2103 557 Amafios,

350 577 407 614 ut
429 567 548 613 etim
565 566 667 614 vita
696 563 910 613 halitum
934 565 1243 630 exspirarent.
1343 567 1477 616 Talis
1516 580 1619 617 erat
1641 569 1846 616 Fenellae
1866 569 2100 631 Reginae,

350 626 551 678 dextera
572 628 834 693 praeferens
859 644 1078 693 pomum
1103 646 1311 679 aureum
1327 663 1340 684 ,
1365 632 1414 680 ὅ(
1436 631 1643 693 quidem
1667 635 1882 695 gemmis
1909 629 2105 679 conser-

347 704 459 741 tum
475 725 488 746 ,
513 705 567 741 ut
585 691 701 740 esset
721 693 923 749 majoris
942 694 1006 742 ad
1034 695 1164 742 mala
1185 695 1299 742 Fata
1319 694 1467 750 illicij.
1537 697 1677 747 Nam
1700 707 1898 758 gratum
1925 693 2101 746 oculis,

347 756 496 804 fatale
516 757 746 805 manibus
771 755 873 804 hoe
893 769 995 804 erat
1011 756 1363 821 spestaculum,
1385 758 1434 805 in
1458 759 1607 819 Regis
1625 759 1805 806 Scotiae
1827 759 2103 820 perniciem

346 821 714 884 excogitatum:
736 822 815 869 vix
837 821 972 868 enim
994 819 1218 883 tetigiffes
1245 820 1348 868 hoe
1368 820 1561 866 malum
1584 818 1799 882 perfidiae
1818 817 2103 882 peffimum,

347 881 470 932 cum
493 881 629 931 illico
652 882 827 931 densus
845 883 1068 931 telorum
1095 884 1257 929 imber
1277 880 1512 950 erupisset·
1533 897 1590 928 ex
1613 878 1795 935 statua,
1815 876 1967 943 te'que
1990 896 2103 929 ceno

345 957 458 995 tum
481 946 770 995 vulneribus
804 946 1049 993 obrutum
1073 977 1085 997 ,
1117 942 1411 993 exturbass'et
1442 943 1573 1007 prius
1607 940 1634 993 ὲ
1657 947 1781 998 vita,
1807 946 1962 1008 quarn
1990 947 2102 1005 vitae

345 1010 624 1075 periculum
640 1006 933 1058 advertisses.
959 1008 1156 1056 Bellum
1167 1008 1349 1056 Hercle
1370 1010 1638 1073 voluptatis
1657 1007 1945 1057 tranfitoriae
1959 1008 2102 1072 Esty-

344 1089 482 1138 pon,
506 1073 650 1135 quod
678 1072 803 1120 dum
831 1070 1039 1121 suaviter
1062 1072 1236 1125 allicit,
1256 1073 1467 1136 turpiter
1498 1072 1704 1136 decipit,
1736 1070 1964 1135 dumque
1987 1086 2102 1134 por-

343 1137 455 1200 rigit
474 1151 695 1199 pomum
709 1168 721 1190 ‚
745 1137 903 1185 vitam
924 1134 1138 1200 surripit,
1159 1138 1209 1185 ὅ(
1230 1134 1547 1199 paradysum,
1571 1135 1808 1185 Authore
1826 1136 2098 1185 Mellifluo.

470 1199 669 1250 LEUC:
739 1200 868 1249 Non
895 1198 1079 1246 infelici
1104 1199 1293 1263 scalpro
1314 1200 1413 1248 Ars
1435 1200 1657 1247 imitatur
1669 1199 1836 1252 Bruta,
1853 1200 2101 1249 &Homi-

343 1277 459 1311 nes:
481 1278 546 1312 an
565 1264 765 1311 minore
786 1262 1021 1327 prodigio
1046 1262 1150 1310 fors
1165 1262 1415 1311 laborabit
1433 1264 1484 1310 in
1507 1263 1711 1326 plantis?
1780 1264 1935 1310 MEL:
2005 1264 2104 1312 Mi-

344 1323 482 1376 nime
504 1329 756 1391 gentium:
794 1326 1044 1391 specimen
1078 1325 1269 1390 profert
1298 1327 1494 1389 Regina
1511 1325 1804 1389 Sabanquae
1835 1326 2104 1388 quondam

346 1390 659 1455 exploratura
680 1390 969 1440 Salomonis
994 1390 1338 1454 prudentiam,
1367 1389 1534 1438 eidem
1554 1389 1739 1438 obtulit
1755 1391 1988 1452 geminos
2010 1389 2104 1438 flo-

345 1470 461 1503 rum
481 1454 646 1507 fasces,
662 1468 886 1517 quorum
911 1469 1070 1502 unum
1087 1455 1298 1506 Natura,
1314 1454 1527 1501 alterum
1548 1453 1609 1501 ad
1633 1455 1837 1504 Naturae
1858 1453 2101 1502 invidiam

345 1518 410 1566 fic
432 1518 741 1566 formaverat
760 1532 937 1565 manus
964 1515 1210 1570 Artificis,
1237 1529 1290 1564 ut
1322 1532 1415 1565 nec
1434 1516 1724 1568 Salomonis
1752 1518 1890 1566 oculi
1911 1532 2104 1582 repere-

346 1584 443 1631 rint
468 1580 745 1629 discrimen.
848 1581 946 1629 Sed
975 1581 1154 1628 oculos
1175 1580 1417 1644 supplevit
1434 1581 1681 1643 Sapientia
1704 1579 1813 1644 plus
1833 1579 1987 1643 quam
2012 1579 2103 1628 hu-

347 1659 517 1695 mana,
534 1643 657 1691 dum
678 1644 831 1706 sagaci
853 1642 1039 1700 judicio
1056 1644 1167 1689 tulit
1188 1638 1697 1704 judicium,lite'mque
1715 1644 1932 1697 diremit,
1949 1642 2105 1692 addu-

345 1704 425 1756 &ca
448 1703 690 1770 Apicula,
712 1721 821 1768 quae
856 1721 942 1768 per
971 1705 1267 1768 multiplices
1295 1720 1471 1767 gyros,
1497 1708 1545 1753 ὅ(
1570 1706 1668 1769 ipsa
1692 1706 1867 1759 dubia,
1891 1705 2097 1754 tandem

344 1773 399 1820 in
421 1770 631 1818 naturali
651 1769 837 1817 florum
858 1767 1120 1831 manipulo
1144 1768 1392 1830 mellilega
1416 1767 1607 1816 resedit.
1693 1768 1931 1816 Alterum
1954 1767 2101 1832 speci-

346 1849 469 1882 men
498 1833 581 1880 dat
603 1834 715 1880 Inca
738 1829 1008 1880 Garcilassb
1025 1863 1037 1884 ,
1058 1832 1289 1894 Princeps
1318 1824 1346 1878 ὲ
1368 1832 1571 1893 Regum
1604 1831 1806 1878 Familia
1829 1832 2071 1881 oriundus
2086 1865 2099 1885 ,

346 1898 430 1959 qui
465 1894 699 1944 narrati‘n
721 1896 886 1960 Regiis
908 1895 1128 1942 Peruviae
1154 1893 1338 1944 hortis,
1363 1890 1482 1941 cum
1509 1894 1982 1942 etiamnumrerum
2012 1910 2102 1958 po-

345 1964 555 2009 tirentur
577 1958 806 2015 Maiores
821 1958 905 2011 sui,
927 1955 1096 2004 densas
1117 1972 1175 2004 ex
1197 1958 1370 2010 aureis,
1391 1951 1738 2020 argenteisque
1756 1956 1936 2010 herbis,
1950 1969 2102 2019 atque

348 2023 611 2072 arboribus
644 2020 818 2070 stetisse
847 2021 1028 2085 sylva83
1053 2022 1187 2082 <quin
1218 2023 1267 2069 &
1297 2020 1415 2083 ipsas
1438 2020 1572 2068 horti
1594 2020 1809 2074 areolas,
1850 2019 2100 2076 ejusmodi

347 2087 558 2138 floribus
577 2081 871 2150 superbiisse,
893 2096 945 2133 ut
965 2099 1050 2147 per
1072 2098 1246 2132 muros
1266 2097 1475 2146 quoque
1492 2085 1660 2146 Regiae
1680 2079 1867 2133 domus
1890 2083 2097 2137 frondes

348 2165 509 2200 aureae
524 2183 536 2204 ,
569 2150 631 2198 ad
649 2145 796 2197 instar
817 2148 1011 2196 hedcrae
1025 2179 1038 2200 ,
1072 2146 1335 2211 serperent.
1352 2140 1368 2157 '
1405 2146 1617 2202 Verum,
1632 2145 1685 2194 ut
1707 2143 1880 2196 diserte
1900 2147 2097 2204 fatetur,

348 2228 673 2277 nequaquam
703 2211 803 2260 hoc
826 2213 1030 2261 Naturae
1063 2213 1332 2274 vegetantis
1353 2242 1366 2263 ,
1399 2209 1478 2257 sed
1513 2210 1648 2258 Artis
1674 2207 1961 2270 encausticae
1996 2225 2099 2262 erat

348 2292 607 2341 opus,quae
621 2272 749 2324 adeo
768 2271 881 2322 scite
895 2273 979 2321 has
1000 2273 1188 2337 plantas
1203 2270 1556 2327 elaboraratmt
1569 2275 1719 2321 etiam
1739 2272 1956 2323 colorea
1973 2279 2099 2326 veris

350 2338 575 2404 stirpibus
605 2354 712 2387 non
739 2336 1019 2389 differrent,
1042 2336 1122 2385 sed
1152 2340 1201 2386 ὅ(
1228 2348 1424 2395 cortex,
1447 2340 1496 2386 <Sc
1516 2337 1663 2389 folia,
1689 2335 1977 2400 fruCtusque
1997 2341 2100 2390 Na-

351 2418 542 2454 turam,
564 2418 676 2451 raro
698 2402 834 2451 Artis
857 2400 1117 2465 prodigio,
1140 2401 1503 2449 aemularentur.
1573 2400 1669 2448 Sed
1689 2401 1937 2458 ejusmodi
1956 2403 2100 2453 Para-

349 2469 481 2517 doxa
504 2466 640 2514 Artis
662 2463 913 2514 theamata
931 2462 1030 2513 sine
1051 2462 1151 2513 fine
1172 2465 1224 2511 in
1247 2463 1470 2513 medium
1497 2464 1670 2514 afferre
1698 2463 1856 2528 posset
1880 2464 2100 2517 sanetiffi-

352 2547 467 2582 mus
485 2529 564 2580 ille
587 2527 786 2595 Sophus
806 2525 937 2587 juxta
952 2559 966 2584 2
991 2542 1048 2578 ac
1069 2529 1279 2593 Martyr,
1299 2527 1563 2580 Se‘verinus
1584 2527 1788 2578 Boetius
1805 2560 1818 2584 ,
1844 2529 1929 2599 qui
1948 2528 2096 2599 sec-re-

419 2628 423 2632 .
1893 2603 2030 2641 tioris
