2177 2905
719 91 916 139 Ariadne
933 88 1123 155 Phyfica.
1647 104 1735 156 173

1 226 4 229 .
57 180 311 254 profesto,
331 195 418 236 aut
433 194 720 251 putaremus
741 184 1084 240 mendacium,
1105 194 1192 236 aut
1211 184 1345 236 certe
1365 186 1580 238 nimium
1601 190 1801 238 mirare-

56 266 200 300 mur:
235 265 450 312 quarum
478 246 603 300 vero
632 264 802 298 rerum
822 260 936 298 ante
961 250 1142 299 oculos
1162 246 1362 302 nostros
1382 253 1677 314 quotidiana
1707 251 1798 300 do·

58 326 297 363 cumenta
323 311 598 365 versantur,
618 327 726 360 non
743 327 926 376 genere
943 311 1109 361 minus
1129 313 1370 369 mirabili,
1392 316 1473 364 sed
1494 316 1590 379 ipsa
1609 314 1800 364 affidui·

57 388 160 426 tate
181 376 443 429 vilescunt,
472 377 539 424 ita
562 386 617 424 ut
638 390 697 423 ex
725 375 821 440 ipsa
839 375 979 426 India
1009 375 1296 427 desierimus
1323 379 1570 431 nonnulla
1602 380 1796 434 mirari,
1823 416 1825 418 -

57 454 170 504 quae
193 440 255 488 ad
279 453 384 488 nos
398 449 674 502 potuerunt
693 438 919 488 miranda
938 439 1156 504 perduci.

183 501 381 554 LEUC:
450 502 506 550 In
525 501 725 551 fodinas
741 502 1010 551 metallicas
1023 518 1117 551 nos
1129 503 1356 556 Ariadne
1369 505 1572 572 Physica
1593 505 1694 564 jam
1713 505 1800 555 de-

56 565 216 615 ducit:
262 564 537 613 scrutemur
563 564 650 612 has
679 577 872 630 cryptas
902 567 1113 632 Naturaer
1134 565 1338 624 mentis,
1360 573 1410 620 <Sc
1448 586 1534 635 per
1562 568 1797 618 occultos

53 641 247 678 meatus
270 627 594 676 ascendamus
610 629 660 675 in
682 631 940 676 montium
965 629 1099 692 juga,
1118 643 1175 679 ut
1196 631 1258 680 ad
1277 634 1443 688 valles,
1468 632 1690 682 fontium
1714 647 1810 681 νει--Ι

53 695 224 741 rietate
244 691 516 743 mirabiles,
538 691 749 740 discursu
768 691 984 753 denique
1012 696 1373 755 perveniamus,
1443 699 1599 744 MEL:
1668 697 1798 745 Non

53 756 245 809 abnuo,
264 755 297 804 si
313 753 477 804 modo
498 754 602 802 haec
626 753 746 804 velis
770 769 856 818 per
876 754 1158 804 transtrum:
1192 773 1303 806 non
1330 762 1464 809 enim
1485 758 1797 822 contempla-

53 822 94 870 ri
117 817 304 882 singula
319 849 332 869 ‚
350 816 431 865 sed
452 819 640 865 rariora
660 816 823 865 solum
844 817 1057 881 aspicere
1072 822 1312 883 permittit
1331 833 1546 887 ternpus.
1613 821 1794 870 Metal-

53 885 160 933 lum
185 914 200 935 ,
227 882 363 939 ajunt
382 911 397 934 2
428 881 642 928 mixtum
669 878 763 928 effe
796 880 1100 944 perfeetum,
1118 883 1352 946 liquabile
1379 887 1508 949 igni,
1533 887 1583 935 ὅ(
1608 884 1790 932 duetile

52 945 268 994 malleo:
304 941 504 1007 genesin
531 941 669 991 suam
697 941 845 990 debet
868 942 1123 999 nantibus,
1146 961 1456 1011 cooperante
1472 948 1704 997 Siderum
1723 948 1794 994 in-

52 1008 214 1059 fluxu:
251 1006 368 1054 hinc
390 1007 531 1054 variae
553 1007 782 1054 virtutes;
817 1005 934 1055 hinc
954 1009 1085 1061 varia
1107 1015 1466 1074 proprietatum
1490 1010 1816 1076 pathemata.jv

54 1075 189 1123 Inter
211 1071 385 1119 onmia
401 1067 546 1114 Phoebi
563 1065 708 1140 instar
730 1071 920 1117 eminet
936 1070 1163 1124 Aurum,
1183 1073 1361 1122 colore
1379 1074 1585 1129 flavum,
1605 1073 1800 1138 ponde-

51 1148 106 1185 re
128 1131 467 1199 gravissimum
495 1164 507 1182 ‚
546 1134 737 1194 ipsique
775 1131 1088 1181 indomabile
1125 1136 1382 1186 Vulcano.
1480 1138 1605 1183 Mird
1637 1137 1799 1201 pollet
1912 1167 1948 1194 ἢ,

53 1201 261 1251 virtute,
280 1211 400 1245 nam
420 1194 453 1243 fi
474 1192 847 1257 Chymicorum
874 1192 1110 1245 industria
1140 1199 1376 1248 reddatur
1438 1201 1651 1255 otabile‚
1676 1214 1796 1252 cor,

50 1262 220 1311 sedem
238 1261 348 1308 vitae
363 1291 377 1311 ,
400 1257 660 1306 confortat
681 1289 694 1310 ‚
725 1270 913 1306 recreat
942 1262 1094 1313 vires,
1113 1262 1250 1325 pellit
1275 1264 1396 1328 Elep
1436 1263 1662 1314 antiafin,
1682 1264 1795 1312 Me-

52 1323 359 1374 lancholiam
375 1355 388 1375 ‚
407 1317 634 1383 aliosque
664 1321 903 1374 morbos,
923 1321 1132 1371 sanitatis
1155 1340 1311 1375 aureae
1342 1323 1536 1381 hosteS,
1555 1342 1613 1375 ac
1631 1326 1796 1374 inimi—

50 1403 155 1438 cos,
223 1387 510 1449 Argentum
527 1419 538 1434 ‚
561 1383 704 1446 quod
727 1387 894 1430 Lunam
912 1387 1165 1433 metallicam
1181 1388 1434 1453 Chymici‚
1455 1390 1685 1453 praecellit
1703 1391 1797 1437 tin-

49 1454 157 1501 nitu
183 1484 197 1503 ⁴)
227 1450 360 1506 iuvat
387 1447 651 1496 cerebrum
679 1478 692 1499 ‚
725 1447 929 1511 ejusque
953 1449 1334 1513 sympthomatis
1356 1452 1523 1502 calidis
1543 1452 1788 1501 medetur.

48 1512 278 1562 Plumbum
294 1545 306 1566 ‚
327 1510 426 1558 sive
452 1513 657 1557 Saturnus
679 1510 893 1569 Chymicus
912 1546 925 1561 ‚
958 1514 1180 1575 reprimit
1206 1518 1480 1568 cicatricess
1499 1518 1549 1565 in
1580 1517 1788 1564 laminas
1812 1517 2009 1575 Plim24.

50 1576 287 1635 ductum,
318 1569 604 1635 lumbisque
635 1573 1036 1623 circumductum
1073 1578 1263 1626 calores
1293 1583 1511 1629 eroticos
1536 1582 1786 1643 reprimit3
1811 1596 1849 1630 c.
1864 1581 1938 1630 18.

49 1637 215 1690 obstat
231 1637 552 1703 phlegmonae
565 1669 578 1690 ‚
598 1639 647 1686 δε
673 1639 901 1686 continet
923 1638 1197 1688 oculorum
1217 1641 1391 1692 fluxus.
1458 1648 1660 1690 stannum
1674 1675 1688 1697 ‚
1709 1645 1790 1692 cui

49 1705 290 1770 pretium,
313 1704 361 1750 <Sc
383 1698 660 1749 candorem
681 1700 764 1749 dat
781 1699 966 1763 Anglia
981 1733 993 1754 ‚
1021 1702 1049 1759 J
1054 1705 1166 1752 ovi:
1195 1702 1364 1762 ferrum
1385 1708 1562 1755 Marti:
1599 1717 1789 1766 cuprum,

49 1765 195 1830 quod
221 1777 431 1829 etymon
459 1762 607 1811 trahit
634 1762 668 1811 a
689 1764 864 1827 Cypro
880 1796 891 1817 ‚
912 1765 1122 1815 Veneri:
1159 1782 1380 1827 azgentum
1399 1772 1572 1819 vivum
1593 1770 1663 1817 ob
1682 1785 1796 1818 mo-

48 1830 291 1878 bilitatem
302 1828 561 1874 Mercurio
573 1826 808 1889 Chymici
831 1827 1075 1880 dir-ann&
1098 1831 1404 1880 conieci-ant.
1473 1833 1676 1881 Metalla
1694 1847 1795 1880 cre-

48 1893 186 1942 seunt
205 1891 255 1937 in
273 1890 474 1936 mineris
490 1919 503 1940 ‚
523 1902 644 1949 quas
668 1887 694 1934 a
713 1888 962 1936 fodiendo
991 1889 1162 1939 dicunt
1175 1890 1369 1949 fodinas:
1406 1894 1514 1942 sunt
1537 1894 1608 1943 hae
1633 1897 1794 1947 Natu-f

48 1970 111 2004 rae
133 1952 309 2001 divites
321 1951 486 2000 Gazae,
501 1964 621 2011 quas
640 1949 758 2013 saepe
769 1949 1039 2014 Casufflaepe
1050 1954 1185 2001 Artis
1208 1955 1517 2006 adminiculo
1537 1959 1787 2021 reperiunt

48 2015 312 2070 Mortales.
379 2015 476 2062 En!
511 2013 644 2077 signa
663 2015 905 2077 praecipua
919 2046 930 2067 ,
952 2027 1060 2075 quae
1079 2016 1285 2067 latentes
1306 2019 1518 2082 prodere
1536 2020 1792 2070 thesauros

47 2082 225 2131 solent.
296 2079 551 2126 Ramenta
580 2076 854 2129 metallica,
875 2092 983 2139 quae
1009 2077 1175 2128 secum
1206 2083 1401 2145 rapiunt
1429 2094 1701 2136 torrentes,
1725 2086 1796 2134 vi-

48 2147 216 2195 cinam
249 2142 496 2188 mineram
538 2135 775 2188 testantur
798 2157 808 2186 :
856 2142 1004 2188 etiam
1039 2155 1164 2191 terra
1185 2176 1198 2193 ‚
1242 2160 1350 2205 quae
1388 2162 1508 2196 mox
1538 2147 1793 2209 liquefacit

45 2209 293 2275 pruinam,
315 2202 501 2251 indicat
528 2203 733 2251 latentes
755 2203 956 2256 halitus,
978 2202 1131 2254 siccos
1153 2210 1202 2256 ὅς
1225 2208 1413 2257 calidos
1429 2243 1442 2262 ‚
1467 2211 1788 2259 metallorum

45 2271 280 2321 nutrices.
346 2264 561 2314 Eosdem
582 2266 751 2330 prodit
775 2283 958 2315 mucor
976 2271 1026 2316 in
1052 2267 1299 2332 superficie
1315 2305 1328 2325 ‚
1353 2273 1500 2321 color
1515 2275 1564 2321 in
1583 2274 1718 2333 ⁴foliis
1738 2276 1792 2324 li-

46 2333 215 2385 vidus,
234 2329 370 2377 odor
392 2328 693 2392 sulphureus.
792 2330 870 2379 Sic
892 2331 1076 2394 lapides
1104 2331 1222 2396 saepe
1244 2334 1427 2384 fodinae
1446 2336 1555 2384 sunt
1576 2338 1786 2387 indices:

47 2411 166 2448 nam
193 2391 226 2441 fi
255 2392 458 2441 rutilent
491 2407 673 2441 eorum
704 2389 877 2448 frusta,
911 2394 945 2443 li
974 2398 1088 2459 igne
1118 2396 1411 2459 liquescant,
1431 2400 1509 2450 vel
1534 2403 1787 2451 emineant

47 2457 275 2527 pondere
295 2487 309 2508 ‚
334 2469 481 2509 cave,
511 2470 576 2504 ne
593 2468 742 2511 teraS,
764 2473 880 2505 nam
903 2458 1011 2508 leve
1035 2461 1100 2509 nil
1130 2461 1315 2510 indicat
1345 2476 1540 2513 tantum
1566 2464 1784 2529 ponduS‚

48 2522 119 2575 nil
139 2518 335 2574 obscuri
361 2517 443 2569 hic
462 2519 712 2586 splendor.
812 2518 929 2571 Imo
957 2537 1015 2572 ex
1033 2523 1256 2592 lapidum
1271 2557 1286 2583 ‚
1309 2529 1386 2578 vel
1403 2529 1558 2593 glebae
1581 2532 1784 2588 colore,

877 2586 924 2638 Y
959 2599 982 2647 3
1607 2594 1727 2659 ipsas
