2182 2916
771 51 944 114 Coloffits
975 24 1196 115 Mysticus.
1720 62 1776 112 71

26 187 29 193 ·
84 170 278 211 norum
301 149 509 221 Capita:
543 151 782 212 Integritas
800 182 812 205 ,
841 151 1196 215 incorruptum
1221 144 1448 198 Ecclesiae
1470 145 1724 200 Romanae
1752 142 1850 192 Ca-

82 235 175 290 put
197 255 212 278 ‚
245 222 311 271 de
332 234 440 284 quo
461 216 696 282 scriptum
717 210 786 261 est
804 213 985 275 potesta
1009 215 1098 273 ejus
1125 211 1310 274 potestas
1346 224 1502 259 aeterna
1523 245 1538 264 ‚
1574 214 1632 261 (φ
1653 214 1849 270 Regnum
1876 193 2055 249 Dan.7.

84 287 177 347 ejus
197 301 278 332 non
303 291 612 342 corrumpetur.
681 277 824 328 Vidit
851 290 1181 343 purpuratum
1203 276 1371 341 Caput
1395 307 1409 330 ,
1446 275 1520 324 ela
1558 274 1612 324 so
1639 272 1846 324 saeculo,
1873 268 1957 329 7²2¹
1967 268 2014 313 4·
2037 318 2046 326 .

83 349 274 403 Gallia,
293 347 431 404 eujus
445 359 636 409 organa
655 341 935 406 duplicata:
980 341 1098 390 hinc
1120 340 1427 405 duplicatam
1452 337 1524 388 ob
1571 340 1712 404 upuit
1737 338 1835 386 Or·
1875 318 2062 368 Rffheh’

80 412 156 463 bis
173 412 503 476 sagacitatem.
572 407 928 472 AEgyptiorum
949 406 1107 471 capita
1134 404 1302 452 ferunt
1329 399 1462 453 adeo
1492 402 1629 452 saxea
1654 435 1668 456 ,
1691 413 1748 451 ut
1767 400 1851 451 vix

81 475 358 526 molarium
382 471 557 521 istibus
583 471 967 534 confringantur
991 486 1000 515 ε
1037 467 1287 517 Indorum
1319 468 1370 516 in
1399 465 1690 530 Hispaniola
1713 460 1848 514 adeo

82 539 239 588 ferrea
263 554 275 590 3
312 549 367 587 ut
388 533 535 584 stricti
555 535 706 586 etiam
727 532 841 581 ferri
878 533 1039 582 aciem
1069 530 1311 580 hebetent
1337 548 1347 578 ε
1385 528 1564 578 contra
1589 527 1850 578 Persarum

81 604 288 652 vertices
323 612 430 648 tam
457 597 641 647 molles
679 595 891 655 afferunt
917 629 931 650 ,
967 598 1018 646 ὅ(
1056 593 1334 644 imbecilles
1355 627 1368 649 ‚
1405 605 1461 642 ut
1487 593 1587 645 levi
1618 590 1848 642 dissiliant

81 666 279 719 calculo
302 697 315 717 ‚
354 666 403 713 ὅ(
423 673 766 712 conterantur.
1328 716 1331 717 ⁷

238 727 435 778 LEUC:
473 724 531 773 Id
568 739 777 787 quoque
813 724 1001 774 mirum
1029 755 1042 776 ,
1079 720 1216 781 cujus
1249 718 1430 770 testem
1461 719 1720 771 Cardanus
1750 720 1845 769 Ita·
1870 741 1921 786 de
1936 755 2036 787 vm..

82 792 200 841 liam
227 793 362 856 cupit
385 808 394 837 :
431 789 525 837 fuit
549 821 562 841 7
584 803 740 850 quem
762 789 958 836 oriente
978 785 1182 836 Phoebo
1197 819 1210 840 ,
1232 788 1402 851 capitis
1425 785 1654 848 quotidie
1690 784 1844 832 dolor
1870 821 1906 852 c·
1918 816 1982 862 44
2063 789 2072 797 “

81 857 354 919 corriperet
376 885 389 907 ‚
424 853 676 901 continuo
706 851 768 899 ad
801 850 953 912 usque
983 849 1250 899 meridiem
1285 861 1565 913 augmento
1588 881 1602 903 ,
1639 846 1666 896 a
1697 847 1845 896 meri-

83 918 162 967 die
186 919 516 966 decremento
537 948 550 970 ,
588 914 785 978 vespere
825 915 1065 963 dolorem
1099 913 1316 976 denique
1348 914 1555 962 finiente
1581 930 1590 959 :
1645 907 1846 960 adeone

83 983 247 1046 Capiti
264 981 553 1032 inimicum,
576 977 631 1026 sit
660 975 787 1026 istud
808 978 1087 1042 benignum
1111 976 1240 1025 sidus
1270 979 1286 1024 ἒ
1322 978 1485 1026 MEL:
1508 991 1618 1025 non
1640 991 1739 1023 una
1753 973 1843 1022 hu-

77 1044 150 1101 jus
176 1045 521 1109 symptomatis
543 1042 684 1091 causa
710 1038 801 1089 est:
841 1042 979 1090 calor
1004 1043 1247 1105 praecipua
1266 1074 1279 1094 ,
1298 1043 1348 1094 ὃς
1368 1037 1671 1105 antipathica
1694 1037 1846 1087 Phoe-

79 1108 151 1155 bo
173 1108 459 1171 temperies:
496 1105 577 1165 sed
608 1121 700 1153 nec
732 1106 944 1153 minima
978 1105 1180 1169 capillus
1191 1136 1228 1172 Α,
1251 1104 1375 1152 dum
1414 1101 1607 1168 parcius
1637 1135 1652 1157 ,
1686 1100 1843 1164 quam

76 1185 166 1235 par
191 1167 261 1218 est
284 1203 297 1223 ,
335 1169 518 1232 exsugit
545 1171 727 1217 noxios
757 1167 999 1216 humores
1027 1185 1036 1214 :
1078 1165 1209 1216 adeo
1236 1182 1346 1217 non
1379 1167 1442 1215 ad
1477 1177 1842 1215 ornamentum
1871 1168 2032 1229 Capilli.

77 1233 356 1283 solumodo
379 1265 392 1286 ,
428 1232 508 1279 sed
543 1234 692 1279 etiam
735 1231 1082 1279 commodum
1111 1230 1248 1279 dedit
1278 1232 1424 1295 capiti
1461 1230 1591 1295 pilos
1629 1241 1838 1277 natura:

75 1297 193 1346 hinc
219 1297 333 1344 illos
350 1297 646 1356 neutiquam
666 1294 751 1359 pili
783 1291 967 1343 duxere
988 1295 1213 1343 Veteres,
1298 1294 1521 1343 Primam
1542 1293 1837 1357 lanuginem
1862 1306 2004 1350 Sueto.

76 1358 635 1421 dedic-arantApollini,
673 1358 811 1405 velut
831 1358 1068 1422 primitias
1094 1359 1408 1414 Juventutis:
1446 1353 1510 1405 sic
1545 1355 1756 1420 legimus
1777 1355 1840 1402 de

74 1426 291 1474 Nerone
316 1455 328 1476 ,
365 1422 508 1484 quod
529 1422 818 1484 lanuginem
845 1453 856 1473 ,
893 1420 1101 1484 propriis
1135 1421 1231 1485 ipse
1265 1420 1523 1473 manibus,
1565 1416 1841 1484 deportarit

76 1488 128 1535 in
144 1489 360 1538 Fanum,
398 1498 453 1532 ut
480 1485 775 1548 intelligeret
799 1486 1011 1532 Numen
1033 1517 1047 1537 ,
1080 1484 1149 1531 nil
1183 1485 1418 1548 lanugine
1449 1483 1655 1532 sanetius
1677 1518 1689 1534 ,
1725 1477 1840 1530 aris-

75 1564 173 1612 que
200 1549 393 1611 dignius
417 1550 468 1596 in
492 1549 722 1596 Nerone.
791 1548 1018 1595 Procerae
1038 1547 1207 1595 arbori
1226 1548 1527 1600 Cincinnos,
1549 1546 1839 1594 consecrare

72 1611 399 1661 consueverat
416 1614 657 1661 Romana
681 1610 853 1675 pubes,
866 1612 1043 1674 pignus
1056 1610 1335 1659 Absolonis
1352 1610 1459 1659 fato
1477 1607 1835 1674 digniliimum.

72 1674 257 1726 Melius
280 1708 293 1728 ⁷
330 1677 444 1738 quia
459 1675 725 1723 Germanae
750 1675 919 1723 virtuti
940 1672 1349 1727 convenientius,
1377 1671 1522 1738 egere
1545 1676 1806 1722 Teutones
1822 1705 1835 1726 ,

72 1738 196 1787 dum
215 1740 382 1786 inituri
402 1738 594 1786 bellum
625 1771 638 1791 ,
674 1739 842 1802 capitis
865 1736 1102 1801 cyrrhum
1132 1771 1146 1793 ‚
1181 1740 1295 1801 igne
1318 1737 1456 1786 sacro
1477 1733 1833 1790 combustum,

72 1801 313 1850 offerrent
329 1803 508 1852 Marti,
534 1817 652 1849 cum
676 1802 978 1856 juramento,
1000 1816 1109 1849 non
1133 1802 1327 1850 rasuros
1349 1800 1395 1849 se
1416 1801 1726 1864 capillitium,
1743 1800 1834 1848 do-

69 1881 163 1913 nec
184 1864 296 1913 rafis
317 1861 541 1912 hostium
560 1863 816 1928 capitibus,
843 1864 1001 1912 redire
1024 1863 1220 1927 possent
1247 1864 1477 1912 victores.
1533 1866 1652 1912 Haec
1672 1863 1833 1928 stiper-

70 1925 201 1977 stitio
223 1928 493 1981 Gentium,
522 1926 548 1975 a
573 1942 668 1989 qua
695 1925 942 1988 quantum
970 1924 1210 1974 abludant
1227 1928 1320 1980 illi,
1358 1942 1468 1974 non
1491 1925 1723 1980 dixerim,
1746 1927 1833 1988 qui

70 1990 191 2040 fictis
219 1991 530 2039 muliebriter
552 1991 794 2038 cincinnis
812 1989 954 2037 litant
976 1990 1204 2052 quotidie
1225 1990 1473 2043 Vanitati,
1504 1989 1629 2038 dum
1652 2002 1831 2037 contra
1860 1987 2002 2033 Num.
2024 1997 2072 2047 7,

70 2055 346 2118 Imperium
369 2055 637 2107 Numinis,
669 2068 779 2101 non
803 2052 961 2103 Coelo
995 2051 1261 2108 caesariem,
1284 2053 1366 2103 led
1394 2068 1515 2103 cum
1546 2053 1826 2103 Gentilibus
1856 2067 1903 2096 v·
1929 2053 2002 2101 18.

67 2117 367 2180 Proserpinae
391 2117 704 2171 consecrant,

227 2181 423 2231 LEUC:
463 2182 529 2231 Ut
552 2180 723 2233 video,
747 2178 907 2245 capilli
927 2194 1135 2243 quoque
1151 2214 1164 2235 ,
1186 2181 1323 2230 velut
1345 2181 1499 2230 animi
1514 2179 1822 2243 symbolum,
1852 2186 2034 2234 Scarlat.

70 2242 131 2291 de
154 2240 366 2290 homine
395 2276 409 2296 ,
444 2256 586 2291 muta
612 2259 743 2293 voce
773 2279 785 2294 ‚
823 2246 1099 2291 enuntiant.
1184 2246 1347 2293 MEL:
1384 2245 1449 2292 sie
1466 2245 1683 2297 videturs
1720 2260 1822 2293 cer·
1853 2249 2049 2309 decapill.

69 2302 119 2355 te
148 2304 303 2354 visum
327 2301 395 2353 est
423 2307 622 2357 Graeciae
643 2306 824 2371 Sophis
847 2339 861 2361 ,
898 2308 984 2369 qui
1006 2308 1225 2365 juvenes
1250 2340 1263 2361 ‚
1298 2306 1503 2356 mollius
1526 2304 1820 2357 calamistra-

68 2381 150 2418 tos
169 2402 182 2422 ,
202 2369 584 2431 proclamabant
605 2369 860 2423 imbelle3,
885 2371 972 2415 colo
1007 2373 1194 2430 aptiores
1224 2370 1351 2432 qadm
1381 2370 1514 2425 haflae.
1569 2372 1701 2419 Hinc
1722 2372 1818 2420 Ca-
1851 2372 1898 2419 T
1889 2389 1988 2419 ran-

65 2433 173 2490 jum
196 2431 439 2481 Caesarem
458 2433 696 2497 legimus,
732 2431 877 2495 quod
900 2466 913 2487 ,
944 2432 977 2480 fi
997 2448 1152 2495 quem
1177 2433 1459 2482 offenderet
1491 2435 1817 2499 comptulum
1847 2438 1998 2498 quillus
2019 2437 2066 2484 in

68 2494 411 2548 Ganimedem
431 2532 447 2552 ,
482 2512 609 2549 mox
645 2496 824 2549 forfice
846 2529 861 2553 ,
897 2511 1052 2559 quem
1083 2497 1222 2549 hunc
1256 2499 1307 2553 in
1336 2496 1494 2549 finem
1521 2497 1689 2548 secum
1724 2497 1816 2546 fer·
1845 2502 1945 2609 υίιῖι
1957 2500 2064 2548 Cali-

1564 2575 1617 2610 re
1634 2575 1757 2610 con·
1843 2576 1901 2621 gu
1919 2577 1965 2610 ιε.

1863 1526 2044 1575 Scarlat.

1863 1652 2004 1700 Tacit:
2030 1654 2081 1700 de

1864 1733 1974 1762 mor-⁹

1863 1784 2011 1827 Germ.
