2132 2916
359 80 453 140 146
931 81 1117 143 Virgula,
1143 81 1364 142 Morphei.

413 174 612 226 LEUC:
651 236 667 245 .
683 174 1050 225 Onirocriticos
1071 172 1254 231 hosce,
1278 174 1312 224 fi
1332 171 1623 242 Philosophi
1642 177 1695 227 in
1718 175 1810 227 suis
1832 176 2035 236 somniis
2067 190 2072 191 ⁷

291 237 608 287 consulerent
639 239 830 302 laepius,
857 239 1138 288 dormirent
1163 272 1175 294 ,
1206 238 1387 292 credo,
1417 239 1654 292 securius,
1683 236 1816 288 certe
1846 241 2036 291 felicius

292 301 595 363 evigilarent.
716 301 812 349 Sed
853 302 1054 364 ignosce
1084 335 1097 355 ‚
1140 317 1301 349 unum
1343 298 1436 355 est,
1475 304 1618 365 quod
1662 305 1714 351 in
1756 315 1805 350 te
1846 305 2032 355 miror3

291 363 435 425 qnod
466 375 637 428 praeter
674 378 877 411 morem
900 397 912 417 ,
942 377 995 411 tu
1038 365 1234 412 nullum
1272 364 1498 412 discursui
1536 367 1815 414 Patronum
1852 365 2036 418 hodie3

291 425 437 488 quod
457 426 651 474 nullum
672 427 723 474 in
744 438 827 474 tua
847 427 1051 475 Po'e'cil'e
1074 426 1371 476 funestiorem
1392 438 1446 477 tu
1462 427 1586 476 mihi
1603 428 1938 492 Morpheum,
1952 443 2036 478 cu-

291 489 364 546 jus
390 489 623 551 exemplo
650 488 713 536 fic
747 488 1062 537 dormiamus
1092 487 1453 554 inposterum,
1477 502 1532 538 ut
1557 491 1619 539 ad
1645 491 1940 540 sanffiorem
1972 492 2040 540 vi-

290 564 396 600 tam
420 552 726 615 evigilemus,
794 553 950 598 MEL:
1020 548 1177 602 Reste
1202 568 1410 604 mones,
1440 551 1504 602 fic
1525 555 1580 611 in
1596 555 1704 603 avia
1722 569 1806 603 me
1835 554 2040 603 deduxit

292 614 545 668 discursus,
572 616 693 662 utin
711 614 916 679 epilogo
941 615 1267 676 quaerendum
1288 614 1409 664 mihi
1437 616 1717 664 exordium.
1787 619 1884 666 En!
1920 617 2040 664 Bea-

292 690 404 725 tum
427 673 749 741 Sylvestrum,
765 677 1051 727 fabulosum
1076 674 1286 726 minime
1307 678 1637 742 Morpheum,
1653 682 1738 741 qui
1759 679 1848 728 suo
1875 694 2040 727 exem-

291 741 380 804 plo
404 740 575 794 faciet,
601 753 654 788 ut
674 740 708 788 fi
737 740 903 789 minus
936 741 1276 793 dormiamus,
1301 742 1472 789 saltem
1503 742 1684 790 oculos
1720 742 2040 794 claudamus,

292 818 358 851 nc
382 804 593 867 amplius
616 803 817 852 videant
842 806 1130 852 vanitatem.
1231 804 1439 853 Auximi
1474 817 1612 851 natus
1628 838 1640 857 ‚
1665 807 1716 852 in
1742 806 1929 853 Piceno
1956 805 2040 862 Ju-

291 878 555 916 ventutem
589 868 755 921 trivit,
780 867 859 917 vel
890 868 1074 915 attrivit
1103 866 1296 930 potius:
1344 881 1463 914 nam
1500 866 1876 930 Philosophiam
1909 867 2043 914 som-

291 929 483 978 niando
514 941 768 993 exegerat,
800 929 1082 977 Profess'ore
1109 928 1379 982 Phantaso,
1402 931 1486 990 qui
1520 944 1605 992 per
1636 930 1827 977 formas
1856 930 2040 983 varias,

294 993 667 1040 deformaverat
687 991 870 1056 potius,
889 991 1044 1055 quam
1067 992 1376 1040 formaverat
1401 991 1536 1039 hunc
1561 993 1776 1040 mollem
1791 990 2042 1057 Sophum.

293 1056 427 1104 lllius
455 1052 696 1107 studium,
719 1056 919 1118 vigilare
948 1053 1146 1107 nostes,
1169 1054 1390 1102 dormire
1413 1055 1513 1101 dies
1528 1087 1540 1106 ,
1564 1057 1730 1104 vivere
1751 1054 1973 1110 Mundo,
1991 1057 2043 1107 <Sc

293 1120 429 1166 mori
452 1118 627 1172 Coelo,
652 1118 957 1180 elegantium
984 1117 1267 1165 formarum
1288 1116 1381 1165 esse
1400 1121 1706 1171 amorenb&
1728 1130 2044 1166 amatorem:

293 1181 375 1230 sed
399 1181 682 1244 lethargum
708 1181 775 1228 illi
805 1178 1107 1229 excusserant
1133 1180 1428 1243 vespillones
1454 1196 1466 1230 3
1519 1196 1638 1228 nam
1668 1177 1801 1228 forte
1837 1177 2046 1230 fortuna

293 1243 660 1308 sarcophagum
700 1243 963 1296 eruebant,
996 1259 1102 1305 quo
1132 1259 1241 1290 non
1266 1244 1332 1291 ita
1359 1242 1552 1308 pridem
1588 1244 1910 1292 reconditum
1936 1259 2048 1293 cor-

295 1323 385 1372 pus
416 1307 763 1359 adolescentis,
790 1306 913 1354 dum
941 1309 1159 1359 viveret,
1182 1307 1444 1355 nobilitate
1468 1309 1516 1356 ὅ(
1542 1306 1718 1362 divitiis
1739 1307 1927 1368 inclyti,
1949 1321 2046 1355 nec

294 1386 403 1418 non
427 1367 669 1434 elegantia
688 1369 892 1432 formae,
915 1369 976 1417 ad
1000 1370 1298 1417 miraculum
1324 1368 1516 1417 exculti.
1590 1368 1782 1419 Aderat
1803 1369 2046 1433 specstacu-

296 1436 329 1482 li
360 1433 539 1482 arbiter
575 1432 819 1496 Sylvester
844 1465 855 1485 ,
890 1430 1112 1493 cumque
1157 1431 1387 1479 occidisse
1423 1432 1697 1479 oculorum
1726 1444 1830 1479 tam
1857 1432 2046 1482 lucidas

296 1493 482 1549 stellas,
513 1494 760 1544 defluxisse
793 1497 998 1558 turpiter
1027 1509 1206 1542 aureos
1230 1494 1341 1541 illos
1370 1494 1600 1557 capillos,
1624 1493 1874 1542 turbatam
1902 1507 2050 1560 puto-

297 1575 350 1609 re
380 1560 516 1607 illam
537 1558 714 1607 frontis
736 1558 1046 1605 serenitatem
1061 1589 1072 1610 ,
1101 1554 1348 1620 exspirasse
1368 1557 1505 1605 illam
1529 1559 1628 1605 oris
1651 1557 1972 1611 ambrosiam,
1996 1558 2052 1606 il-

299 1624 409 1671 lum
444 1637 690 1686 genarum
724 1619 1060 1669 dulcissimum
1087 1621 1264 1672 risum,
1295 1620 1438 1668 illum
1473 1619 1690 1681 denique
1714 1652 1726 1671 ,
1757 1633 1913 1680 quc-m
1940 1633 2051 1671 tota

299 1685 415 1733 urbs
439 1685 666 1738 ardebat,
692 1686 862 1747 ignem
889 1699 1103 1731 omnem
1132 1685 1182 1730 in
1214 1684 1454 1746 pauculos
1482 1681 1734 1730 subsediss'e
1766 1684 1953 1731 cineres
1981 1685 2051 1733 vi-

301 1749 466 1796 deret:
519 1748 598 1793 heu
620 1748 725 1792 mihi
741 1750 758 1791 !
804 1747 1125 1797 exclamavit,
1148 1747 1221 1804 nest
1244 1762 1336 1791 cnm
1356 1758 1495 1791 mente
1506 1745 1631 1801 fimi,
1658 1745 1795 1790 oculos
1824 1749 1955 1791 etiam
1975 1745 2050 1793 ab·

291 1811 419 1866 ftulit
441 1811 576 1857 Venus
591 1843 604 1863 ,
619 1813 662 1855 in
682 1810 929 1870 hocffiecnlo
951 1825 1089 1855 meum
1111 1811 1233 1854 video
1256 1809 1441 1856 vultam.
1511 1808 1642 1854 Video
1658 1807 1912 1868 planissime:
1934 1809 2046 1866 sum,

305 1876 414 1937 quod
435 1875 502 1920 hic
517 1871 610 1931 fuit
624 1905 636 1926 ,
658 1874 713 1919 &⁹
732 1872 834 1918 ver&
861 1889 930 1917 ero
951 1889 1030 1917 non
1057 1871 1191 1917 mult&
1209 1870 1295 1931 post
1310 1907 1321 1921 ,
1338 1873 1445 1933 quod
1463 1871 1530 1917 hic
1551 1869 1630 1923 est:
1669 1870 1819 1919 Verba
1841 1870 1946 1919 haec
1969 1888 2051 1935 ge-

303 1938 454 1987 mitus
478 1938 867 1999 interruperant,
889 1935 1118 1999 lacrymis
1148 1934 1379 1998 deinceps
1410 1932 1756 1996 loquentibus:
1806 1931 1948 1988 abiit,
1970 1935 2052 1984 sed

304 2000 516 2053 melior,
542 1998 695 2062 quam
720 1996 936 2046 accessit:
976 1996 1174 2046 excussit
1206 1998 1442 2046 somnum
1459 2031 1471 2051 ,
1493 2000 1542 2046 ὅ(
1572 2012 1628 2046 ex
1655 1997 1853 2059 suspiriis
1881 1997 2051 2053 sensit,

303 2062 511 2111 tandem
533 2061 805 2124 aliquando
829 2061 874 2109 se
902 2063 1122 2124 vigilare:
1162 2063 1350 2124 aperuit
1369 2061 1571 2112 oculos,
1593 2055 1815 2120 viditque
1839 2059 2048 2114 formas,
2111 2093 2125 2105 2

307 2142 429 2189 quas
450 2125 686 2174 haetenus
715 2125 923 2171 credidit
950 2122 1309 2177 liibstantiales,
1330 2123 1480 2171 fluxas
1512 2124 1727 2170 nimium
1758 2121 1875 2172 effe,
1902 2124 1947 2171 ὃ(
1973 2139 2049 2172 ac.

307 2189 591 2237 cidentales.
661 2188 894 2250 Agnovit
917 2204 973 2234 ex
993 2187 1094 2235 hoc
1120 2190 1321 2236 Naturae
1342 2186 1484 2239 ludo,
1504 2184 1530 2233 a
1553 2182 1795 2233 Phantaso
1820 2184 2052 2235 constan-

306 2264 382 2299 ter
405 2252 488 2299 sibi
519 2251 737 2301 illusum,
764 2248 1027 2300 somniasse
1062 2250 1107 2298 se
1136 2251 1352 2302 somnia,
1374 2264 1465 2296 nec
1494 2247 1579 2296 nifi
1610 2248 1835 2295 inanibus
1860 2249 2050 2298 umbris

306 2313 545 2364 hasienus
576 2311 794 2366 inhiass‘e,
893 2316 1049 2367 Hinc,
1076 2310 1240 2361 relietzi
1271 2308 1428 2360 Patria
1451 2344 1463 2363 ,
1493 2310 1692 2359 deflevit
1722 2311 1878 2381 solus,
1904 2312 2048 2373 quod

309 2392 431 2426 cum
452 2379 618 2425 multis
641 2389 945 2440 peccaverat.
1046 2376 1143 2424 Sed
1163 2372 1489 2438 nihilominus
1521 2375 1605 2423 diu
1636 2375 1721 2421 soli
1743 2375 1836 2421 esse
1867 2390 1970 2422 non
1993 2375 2045 2423 li-

309 2442 433 2488 cuit:
480 2439 702 2488 accivere
723 2443 960 2502 gemitus,
984 2439 1161 2487 ssmiles
1190 2438 1375 2490 socios,
1405 2434 1595 2499 quique
1623 2438 1957 2486 somniantem
1983 2437 2046 2485 se-

306 2504 413 2554 cuti
432 2502 556 2558 sunt‚
568 2503 717 2554 secuti
737 2517 946 2567 quoque
966 2503 1075 2552 sunt
1096 2500 1410 2567 vigilantem:
1431 2515 1560 2565 quos
1581 2500 1677 2565 ipse
1700 2498 2045 2610 mcliolrcsPhi‘

1293 2572 1302 2579 ’
1870 2575 1900 2609 O
1925 2575 1979 2610 0-
