2177 2905
398 114 458 159 54
1005 104 1254 167 Diphthera
1272 98 1426 164 Jovis'.

329 190 402 238 dis
423 198 528 236 tam
545 199 818 254 promptos
841 221 856 243 ,
891 187 1049 254 quam
1072 194 1127 242 in
1140 189 1385 241 discendis
1406 189 1502 241 hos
1524 182 1748 242 curiosos
1769 222 1785 245 ‚
1821 194 1938 256 quia
1959 193 2098 259 vulgi

327 252 391 300 de
410 250 601 301 furfure
621 252 753 301 leves
768 286 781 307 ,
820 255 873 306 <Sc
891 254 1084 304 otiosos
1114 273 1125 303 :
1162 253 1284 319 quid
1311 250 1433 316 ergo
1458 256 1647 305 mirum
1665 288 1678 309 ,
1701 254 1735 304 si
1753 255 1844 305 illis
1865 256 2098 322 Impietas

321 314 468 364 cedat
496 314 560 364 ad
592 315 794 388 lucrum
816 316 943 370 ,this
965 317 1224 368 curiositas
1249 316 1313 365 ad
1340 316 1463 367 mali
1480 318 1688 370 illicium
1714 351 1728 373 ,
1777 313 1975 383 suisque
1991 319 2097 385 ipfi·

321 389 430 427 met
453 377 640 440 laqueis
660 380 943 429 irretiantur
963 382 980 429 ἒ

454 443 653 493 LEUCe
724 444 932 494 Utinam
949 459 1101 508 penes
1117 444 1254 510 vulgi
1268 446 1513 494 sentinam
1536 446 1820 494 contineret
1835 444 1882 494 se
1899 442 2101 496 tantum

320 504 448 554 lues!
496 505 579 554 sed
608 522 795 572 nempe
823 510 1004 557 accidit
1025 504 1196 557 nostra
1220 521 1362 559 aetate
1379 543 1391 563 ‚
1413 508 1557 573 quod
1574 509 1641 558 de
1670 509 1752 558 sua
1773 506 2011 572 questum
2031 510 2101 558 le-

319 571 485 633 gimus
508 571 747 620 Tacitum
772 587 783 618 :
821 566 1226 636 Astrologorum
1253 575 1537 624 Nationem
1563 605 1577 627 ,
1613 584 1857 635 tanquam
1880 573 2098 637 potenti-

320 633 413 681 bus
435 631 644 682 infidam
664 667 678 688 ‚
710 636 761 685 δί
781 632 1086 700 sperantibus
1108 635 1341 685 fallacem
1364 638 1571 686 vetitam
1590 635 1781 701 semper
1796 667 1810 689 ,
1832 634 1914 684 sed
1924 646 2100 685 tamen

319 695 512 760 semper
532 709 796 746 retentam.
853 698 983 748 Sunt
1001 702 1281 749 etiamnum
1294 699 1543 765 personati
1556 695 1860 764 Astrologiae
1874 700 2100 753 Patroni,

317 760 407 823 qui
424 774 538 808 eam
560 758 730 825 lingua
751 761 1011 816 damnant,
1025 762 1161 811 fastis
1183 764 1402 828 probant
1422 759 1892 827 rcs,eststupore,an
1911 762 2097 815 dicam,

318 824 800 889 vituperiodignior?
834 827 1045 874 mirante
1059 827 1445 890 propemodum
1459 825 1604 874 Orbe
1616 857 1628 877 ,
1649 825 1695 872 se
1706 836 1879 875 totum
1899 822 2098 873 evafiffe

319 883 681 941 Astrologum.
789 889 935 952 Quid
954 893 1090 938 enim
1110 889 1245 938 aliud
1264 890 1547 951 loquuntur
1568 897 1648 934 tot
1670 901 1696 934 e
1733 885 2015 935 heme-rides
2028 919 2042 939 ,
2062 887 2094 936 ὲ

319 943 634 1015 SapientiBus
657 966 868 1015 quoque
889 964 997 1000 tam
1024 948 1231 1009 sollicite
1252 950 1507 1004 consultae,
1540 948 1661 999 cum
1720 965 1749 998 e
1768 950 1927 1015 pacis,
1957 946 2099 999 belli-

318 1028 420 1077 que
442 1013 786 1068 viciffitudine‚
809 1015 871 1062 de
891 1017 1212 1079 Regnorum,
1240 1030 1299 1062 ac
1322 1016 1515 1064 Rerum
1539 1011 1855 1077 publicarum
1874 1009 2000 1061 statu
2026 1008 2098 1062 est

319 1078 702 1127 auourandum?
738 1077 860 1140 quid
878 1076 1012 1126 aliud
1030 1077 1174 1127 sonat
1191 1074 1428 1126 festi-vum
1453 1076 1604 1126 illud:
1623 1071 2096 1136 Euge,bellaei!fi,forte

317 1114 695 1205 Alssrologaster
718 1142 1048 1196 nativitatem,
1063 1157 1120 1190 ac
1140 1141 1424 1206 periculum
1446 1140 1700 1204 Principis,
1723 1139 1870 1203 praelij
1900 1139 1979 1188 vel
2003 1138 2095 1189 ob-

315 1203 519 1254 sidionis
544 1204 839 1281 prosperum
860 1217 1101 1254 eventum
1119 1237 1132 1259 ,
1168 1206 1419 1268 Magna-tis
1455 1206 1820 1268 captivitatem,
1851 1214 1937 1253 aut
1955 1216 2099 1253 mor·

314 1268 442 1319 bum
463 1267 685 1333 appofite
705 1270 998 1317 vaticinatus
1021 1266 1117 1317 effe
1136 1267 1361 1317 videtur?
1397 1266 1520 1329 quid
1535 1300 1550 1320 ‚
1564 1268 1801 1330 inquam,
1826 1265 1932 1315 haec
1953 1281 2092 1320 cura,

317 1330 618 1397 plaususque
645 1331 903 1395 designant
917 1364 931 1387 ,
953 1329 1040 1380 nis1
1062 1328 1443 1396 Astrologicam
1464 1329 1693 1394 Hydram
1715 1323 1994 1378 ide'ntidem
2021 1344 2093 1379 re-

317 1396 666 1461 pullulantem,
690 1392 876 1458 adeoq,
908 1396 1056 1443 armis
1085 1393 1148 1444 ad
1169 1393 1500 1458 Philosophiae
1521 1405 1694 1443 cotem
1715 1391 1927 1447 affriCtis,
1953 1391 2093 1442 iden-

317 1459 478 1509 tidem
503 1459 856 1524 jugulandam?
923 1460 1080 1506 MEL:
1149 1455 1308 1508 Recte
1341 1457 1598 1509 observas:
1643 1456 1742 1506 Sed
1768 1457 1892 1506 alios
1918 1471 2015 1505 eoo
2039 1459 2093 1506 in

316 1524 550 1588 Peripato
572 1519 882 1586 Astrologos
901 1522 1119 1575 horreo,
1149 1523 1235 1585 qui
1258 1536 1443 1586 nempe
1471 1520 1690 1570 siderum
1709 1520 1834 1575 fata,
1862 1493 2092 1569 dofirinz'i

317 1586 616 1651 reprobant,
640 1586 721 1634 sed
741 1584 864 1639 vita,
890 1588 941 1635 ὃς
961 1584 1190 1636 moribus
1214 1585 1433 1648 probant
1457 1585 1698 1644 Philosophi
1718 1582 1924 1632 imbelles.
1993 1585 2089 1632 Fae

321 1651 458 1701 enim
482 1651 695 1698 tentatio
715 1650 937 1710 ingruat,
969 1659 1163 1710 premat
1183 1645 1386 1695 afflietio
1405 1679 1420 1700 ,
1445 1646 1722 1710 persecutio
1744 1643 1891 1693 instet
1908 1679 1923 1700 ‚
1958 1646 2089 1707 vale7

317 1712 447 1762 tudo
473 1724 690 1772 ten-tetur
706 1743 719 1764 ,
742 1710 1001 1759 elabantur
1027 1709 1242 1757 for-tunae
1266 1742 1280 1761 ,
1316 1708 1488 1758 honor
1508 1709 1571 1756 ad
1592 1709 1803 1757 aemulos
1822 1708 2090 1772 fugiat-A

319 1777 478 1828 Ecce!
516 1774 656 1832 Casum
678 1789 801 1822 mox
824 1774 1162 1822 lamentantur
1177 1805 1189 1826 ,
1213 1775 1445 1819 Fortunam
1465 1775 1747 1836 increpant,
1770 1769 1949 1831 infausto
1950 1771 2091 1830 fidere

319 1839 367 1890 se
387 1852 532 1889 natos
551 1838 736 1895 ejulant
750 1870 763 1891 ,
784 1836 1105 1899 indignantur
1115 1834 1282 1889 Astra,
1306 1839 1462 1881 Fatum
1490 1846 1780 1884 execrantur
1802 1833 1940 1885 velut
1961 1835 2089 1891 inju—

320 1900 471 1957 stum,
492 1918 588 1967 prae
604 1914 832 1950 moerore
855 1898 1045 1955 dejecti,
1070 1914 1165 1964 prae
1191 1897 1365 1947 furore
1385 1910 1633 1950 amentes;
1669 1897 1987 1962 Philosophi,
2007 1897 2090 1948 vel

322 1966 358 2017 fi
372 1969 529 2016 mavis
544 1999 557 2020 ,
583 1963 837 2024 ‚Astrqffiphi
855 1961 1057 2010 imbelles.
1125 1964 1262 2012 Ruat
1284 1963 1535 2026 Pei-ipatus
1549 1994 1562 2015 ,
1576 1960 1610 2010 fi
1625 1960 1821 2010 cariosis
1834 1958 1964 2011 adeo
1976 1962 2089 2010 fun-

323 2031 569 2080 damentis
589 2040 731 2078 nutat
753 2045 764 2075 ε
803 2038 971 2092 pereat
991 2024 1335 2090 Philosophia,
1360 2024 1394 2073 fi
1424 2027 1691 2089 primaevos
1715 2023 1932 2074 dedosta
1960 2023 2091 2089 spiri-

322 2105 426 2150 tus,
455 2094 608 2142 docet
625 2107 746 2141 cum
765 2090 979 2139 fortibus
1011 2089 1210 2143 sentire,
1240 2104 1360 2138 cum
1378 2087 1662 2137 imbellibus
1686 2090 1874 2138 vivere.

450 2156 647 2208 LEUC:
737 2155 865 2217 Quis
894 2149 1017 2217 ergo
1049 2166 1141 2202 tuo
1174 2156 1226 2202 in
1253 2151 1411 2210 Coelo
1431 2151 1654 2215 Jupiter?
1690 2166 1798 2214 quae
1826 2150 2094 2201 tibiPhilm

321 2220 522 2286 sophica
535 2214 1255 2283 Diphthcra,utAsti-osophiae
1270 2217 1512 2279 Principia
1533 2216 1749 2264 evertas?
1784 2215 1917 2279 Age,
1930 2214 2089 2265 inhac
2144 2224 2145 2229 ’

323 2299 533 2348 quoque
562 2278 847 2332 scholastica
880 2281 964 2330 lite
985 2280 1244 2330 Achillem
1274 2295 1474 2345 prome,
1497 2279 1633 2336 cujus
1669 2277 1905 2344 exemplo
1932 2278 2090 2330 robo-

321 2361 454 2399 ratus
488 2344 820 2411 Philosophus
844 2377 857 2400 ,
908 2343 1192 2394 confundat
1224 2354 1535 2407 nugatorum
1567 2342 1829 2392 imbellem
1863 2342 2084 2392 turbam.

322 2413 478 2459 MEL:
547 2409 682 2460 Vide
704 2423 860 2471 quem
884 2407 974 2456 tibi
994 2408 1267 2457 Atlantem*
1283 2405 1512 2455 exhibeat
1543 2404 1645 2456 hoc
1671 2405 2086 2456 emblematicum

324 2474 549 2526 schemas
596 2473 896 2522 Severinum
925 2472 1167 2522 Boetium
1199 2471 1382 2519 cernis:
1429 2466 1525 2535 pro
1554 2482 1802 2532 quantum
1820 2471 1872 2519 in
1890 2470 2086 2533 Peripa-

325 2550 385 2593 το
403 2537 572 2598 Sidus,
592 2535 656 2592 ad
677 2535 814 2597 cujus
830 2531 1037 2595 illustres
1058 2534 1243 2595 radios,
1263 2533 1465 2597 Graeciae
1486 2533 1696 2594 lumina,
1718 2533 2082 2650 velutsncilinora

1883 2613 1899 2649 1
1936 2609 2021 2652 eta
