2177 2905
109 298 180 350 Ex
188 297 326 348 Surio.

422 93 512 140 104
1017 73 1133 132 ¹C’irce
1160 40 1465 145 Philojbphica.

481 169 681 226 LEUC:
745 170 855 224 Suo
870 205 883 228 ‚
908 187 1052 229 reor,
1075 174 1127 223 id
1149 190 1359 239 quoque
1383 172 1580 223 calculo
1601 170 1868 225 roborabit
1887 171 1955 226 D.
1976 174 2103 227 Gre-

355 241 527 305 gorius
541 273 554 289 ‚
576 252 732 302 quem
759 237 876 288 huic
897 238 1125 288 discursui
1150 240 1564 302 thavmaturgum
1592 236 1787 302 praeesse
1808 238 2000 295 jusseras
2017 241 2105 289 Pa·

356 318 583 355 tronum.
652 301 808 348 MEL:
877 303 1005 352 Non
1029 302 1234 350 falleris:
1273 303 1322 351 ὃς
1351 303 1467 362 quia
1489 299 1664 366 sponte
1693 302 1792 359 jam
1817 301 1960 351 filum
1990 317 2105 366 por-

357 371 498 433 rigis,
534 365 730 420 dicam,
775 379 896 428 quas
929 364 1011 413 hic
1046 364 1246 429 Sophus
1272 367 1323 411 in
1361 365 1591 428 Peripato
1627 364 1919 426 quondam,
1964 364 1992 413 ὲ
2019 364 2104 413 dc-

353 432 537 491 bcllata
557 429 732 482 Circe,
753 429 959 477 adoreas
993 429 1173 476 tulerit.
1274 429 1467 491 Pontus
1499 428 1714 477 Euxinus
1738 428 1854 477 huie
1878 427 2103 478 Philoso-

353 494 461 560 pho
484 495 641 542 vitam
667 492 818 545 dedit,
838 493 875 541 is
898 493 1066 541 Patriae
1087 490 1300 540 reddidit
1312 491 1421 539 vitae
1445 490 1644 539 FruCtus
1660 524 1673 545 ,
1710 492 1854 540 famae
1874 489 2104 555 splendo-

353 574 489 608 rem:
527 556 698 604 natalis
724 556 850 604 illius
884 557 1079 608 civitas,
1109 555 1293 603 natales
1317 556 1459 603 traxit
1482 552 1509 602 ὲ
1539 554 1763 604 Caesareo
1797 556 2104 604 Stemmate:

352 637 476 676 nam
505 619 574 668 ob
600 616 714 668 litus
745 620 1097 668 amoenitatem
1127 620 1249 668 Neo
1266 636 1290 656 -·
1310 616 1540 667 Caesareae
1568 633 1763 666 nomen
1792 616 2049 680 acquisivit
2077 615 2106 666 ὲ

352 683 561 734 Caesare.
661 684 778 740 Jam
796 684 847 730 in
868 682 1056 731 infante
1076 683 1271 732 Natura
1291 681 1433 730 suum
1464 693 1663 744 partum
1685 678 1965 746 obstupuit,
1987 681 2105 742 quia

353 747 794 809 thavmaturgum:
833 760 953 793 nam
976 744 1098 794 nihil
1118 748 1168 792 in
1187 758 1347 809 puero
1377 743 1566 794 vidisses
1589 746 1774 808 puerile
1801 756 1974 807 practer
1997 756 2106 792 aeta-

353 823 478 858 tem.
578 810 632 859 A
656 810 834 857 teneris
854 808 986 863 abiis
1007 807 1292 860 abhorruit,
1314 823 1422 869 qua:
1442 807 1665 870 deperire
1693 806 1818 854 solet
1835 809 2104 863 Juventus:

353 874 424 922 nil
454 875 596 936 equi,
618 873 686 920 nil
704 873 999 920 venationes
1015 903 1027 924 ‚
1049 872 1116 918 nil
1134 870 1264 923 ludi,
1286 870 1387 919 sive
1406 869 1591 917 delicia:
1610 870 1661 917 in
1686 869 1994 932 Gregorium
2019 884 2110 932 po-

355 949 544 989 terant,
567 937 684 998 quia
715 933 1011 999 crepundia:
1050 932 1180 981 adeo
1203 933 1422 981 mollem
1444 934 1670 980 animum
1690 930 1914 980 firmarat
1936 934 2105 982 virtus,

354 1000 485 1054 Sed,
508 998 653 1062 quod
679 995 854 1046 nostro
883 1009 1115 1060 tempore
1137 995 1241 1045 fors
1267 993 1580 1060 paradoxum
1596 1028 1609 1050 ,
1630 997 1909 1045 etiamnum
1942 994 2111 1046 Ethni-

357 1077 474 1116 cus,
498 1064 698 1112 Nutrici
726 1063 936 1124 geminae
967 1059 1273 1108 consecravit
1302 1060 1601 1117 Juventam‚
1631 1061 1875 1119 Sapientiae,
1903 1061 1953 1108 ὃς
1983 1058 2108 1112 Casti.

358 1129 460 1173 tati.
563 1125 649 1173 Ab
672 1124 745 1172 his
767 1122 1097 1187 Philosophia:
1119 1121 1258 1171 subin
1283 1120 1572 1171 commiss'us
1587 1154 1599 1174 ‚
1616 1133 1721 1171 tam
1741 1121 1871 1169 felici
1890 1122 2108 1186 progres-

356 1188 410 1239 su
424 1223 436 1244 ,
463 1201 516 1237 ut
536 1203 646 1250 quae
667 1188 766 1244 alijs
781 1183 1015 1250 Magistra
1043 1187 1221 1235 erroris
1236 1219 1249 1239 ,
1270 1187 1386 1235 huic
1405 1181 1693 1235 Christianae
1719 1187 1931 1233 extiterit
1944 1187 2110 1237 Mater

357 1253 651 1316 Religionis,
752 1251 881 1299 illud
905 1250 1116 1314 legimus
1134 1250 1196 1297 de
1215 1249 1303 1299 illo
1320 1250 1563 1313 elogium,
1579 1246 1722 1310 quod
1742 1261 1917 1313 praeter
1942 1263 2110 1299 macu-

358 1315 462 1366 lam
492 1315 832 1378 Originalem,
856 1315 926 1363 nil
956 1313 1109 1363 sordis
1131 1313 1347 1361 attulerit
1379 1313 1441 1361 ad
1461 1311 1780 1375 baptilinum,
1879 1312 2019 1378 Quid
2038 1329 2112 1362 er-

357 1378 427 1443 go
450 1380 666 1432 mirum,
691 1376 836 1440 quod
856 1376 882 1426 a
908 1377 1131 1427 sordibus
1153 1377 1304 1430 lotu5‚
1327 1379 1376 1427 ὅ(
1402 1390 1488 1440 per
1517 1375 1757 1438 baptisma
1790 1374 1949 1439 magis
1980 1377 2112 1425 lava-

357 1455 464 1497 tus,
485 1443 636 1490 etiam
660 1443 783 1490 alios
809 1441 974 1491 lavare
1005 1442 1218 1506 coeperit
1236 1436 1572 1490 Christianus?
1626 1438 1940 1488 Alexandriae
1966 1439 2113 1504 AEgy-

358 1508 429 1570 pti
448 1504 799 1568 frequentabat
828 1505 1142 1569 Peripatum3
1176 1502 1404 1567 placebat
1422 1501 1768 1567 Philosophia,
1789 1502 1872 1552 sed
1897 1501 2114 1568 displice-

357 1572 445 1620 bat
468 1567 894 1632 Philosophorum
924 1570 1049 1617 vita:
1101 1568 1303 1618 videbat
1323 1567 1580 1630 geminam
1605 1566 1742 1613 suam
1773 1566 1932 1630 sperni
1963 1568 2116 1616 nutri-

361 1647 474 1683 cem
492 1633 797 1694 Sapientiam
811 1662 824 1682 ,
853 1633 903 1680 δε
921 1628 1237 1679 Castitatem:
1275 1629 1500 1681 videbat,
1522 1632 1574 1678 ὃς
1596 1627 1818 1681 dolebat,
1842 1628 1870 1677 ὲ
1893 1628 2116 1678 Philoso-

360 1695 468 1763 phis
485 1730 497 1745 ‚
521 1697 572 1742 in
587 1695 723 1757 turpi
753 1695 864 1742 otio
889 1728 900 1743 ‚
934 1709 1043 1741 non
1072 1693 1307 1742 celebrari
1329 1724 1343 1746 ,
1371 1690 1457 1740 nifi
1485 1691 1729 1739 continua
1761 1690 2038 1744 Sabbatha,
2061 1694 2116 1744 ὃς

362 1759 464 1808 dies
492 1757 717 1806 Veneris.
829 1755 1056 1805 Refutari
1084 1753 1246 1806 statuit
1273 1755 1369 1803 hos
1402 1769 1593 1803 errores
1626 1754 1714 1801 suo
1742 1752 2002 1818 exemplo.-
2047 1755 2114 1804 fic

363 1819 575 1875 studuit„
603 1832 655 1868 ut
684 1817 825 1868 cit-ius
851 1819 973 1876 Jovi
998 1819 1192 1868 fulmen
1215 1851 1229 1871 ,
1261 1818 1466 1866 Herculi
1497 1817 1693 1866 clavam
1720 1849 1732 1869 ,
1765 1817 1844 1865 vel
1872 1818 2113 1867 Homero

362 1884 560 1935 versum
589 1882 895 1931 subtraheres
909 1915 921 1935 ,
942 1881 1097 1943 quam
1119 1882 1236 1931 huic
1253 1880 1456 1933 librum,
1476 1879 1730 1928 severioris
1746 1881 1988 1928 Minervae
2007 1881 2116 1946 spo·

363 1950 516 1998 lium:
552 1946 621 1996 sie
644 1943 853 1997 studuit,
875 1960 930 1993 ac
949 1946 982 1993 fi
1006 1943 1224 1993 studeret
1251 1959 1344 2008 pro
1364 1942 1629 1992 omnibus:
1671 1945 1862 1993 namin
1883 1942 1987 1992 hoc
2010 1959 2118 1994 uno

364 2010 635 2075 colligebat
653 2005 888 2058 industria
904 2041 916 2062 ‚
942 2008 1085 2071 quod
1108 2023 1194 2072 per
1217 2009 1384 2055 otium
1401 2006 1640 2070 perdebat
1661 2009 1713 2055 in
1730 2008 1929 2054 caeteris.
2017 2007 2118 2057 Sed
2158 2054 2165 2061 ,

365 2080 419 2126 &
449 2072 612 2123 studio
647 2073 800 2129 iunxit
838 2073 1100 2120 virtutem:
1147 2067 1284 2118 tanta
1313 2071 1424 2119 vitae
1463 2069 1683 2132 praeluxit
1715 2069 1993 2131 integritate
2016 2101 2031 2124 ‚
2063 2084 2118 2120 ut

364 2136 695 2197 Alexandrini
715 2133 1006 2198 Philosophi
1025 2137 1075 2183 in
1098 2135 1187 2182 illo
1214 2133 1295 2182 sua
1314 2145 1576 2181 cernerent
1594 2133 1712 2181 vitia
1726 2164 1739 2185 ‚
1757 2130 1822 2181 eo
1848 2130 1992 2194 quod
2013 2147 2117 2183 cer-

366 2213 542 2252 nerent
572 2203 622 2248 in
650 2199 739 2247 illo
763 2197 978 2246 nullum.
1089 2197 1188 2246 Sed
1215 2195 1333 2245 cum
1358 2193 1481 2243 nihil
1510 2194 1780 2259 proficeret
1807 2197 1917 2245 vitae
1949 2211 2114 2246 exem-

363 2266 452 2331 plo
468 2297 481 2317 ,
506 2261 669 2312 statuit
697 2277 805 2310 rem
826 2260 1026 2325 aggredi
1049 2260 1234 2313 verbo,
1255 2271 1309 2308 ut
1329 2256 1443 2305 effet
1469 2270 1647 2320 potens
1663 2291 1675 2312 ,
1697 2258 1856 2307 verbo
1882 2258 2044 2313 fimul‚
2064 2263 2116 2311 ὃς

369 2341 540 2391 opere.
640 2327 839 2374 Acriter
865 2325 971 2377 ille,
992 2339 1085 2371 nec
1105 2322 1207 2371 sine
1228 2322 1424 2373 lixivio,
1440 2320 1562 2384 saepe
1581 2321 1779 2369 lavabat
1804 2322 2000 2371 sordida
2019 2324 2114 2374 So-

368 2391 591 2456 phorum
614 2388 894 2449 colloquia,
924 2382 1196 2449 more‘sque
1214 2384 1479 2445 coIloquijs
1513 2383 1828 2434 sordidiores
1926 2386 2117 2435 Habuit

373 2469 449 2503 r-es
476 2448 560 2501 ista
580 2446 709 2498 male
740 2449 833 2498 hos
867 2451 1030 2500 malos
1054 2446 1414 2513 Philosophos:
1452 2447 1624 2496 habuit
1655 2446 1790 2511 pejus
1812 2481 1827 2502 ‚
1857 2449 2115 2498 malorum

376 2514 687 2572 Authorcm,
700 2511 964 2577 peffimum
978 2513 1286 2566 daemonem,
1329 2510 1514 2564 Fabam
1526 2509 1843 2577 cuditStygia
1853 2508 2024 2576 Magia
2047 2511 2116 2560 di-

1881 2589 2054 2639 gnam,
