2177 2905
637 91 790 154 Hydra
813 89 940 147 nostri
966 89 1199 155 Temporis.
1659 106 1750 156 255

71 211 164 247 vos
187 189 404 243 destituit
419 192 779 257 redemptionis
795 190 884 241 suae
908 192 1119 250 auxiliis:
1156 193 1283 242 ruite
1306 191 1460 244 securi
1478 196 1528 244 in
1547 196 1714 244 omnis
1734 209 1816 260 ge-

67 262 196 308 neris
218 257 393 307 scelera
416 258 686 310 Mortales,
715 256 870 304 fatalis
899 255 1150 305 necessitas
1178 254 1273 310 est,
1300 273 1409 320 quae
1439 274 1526 322 per
1560 260 1814 308 vistricem

66 338 159 371 vos
187 335 326 369 eruet
345 321 589 373 Gratiam,
606 335 704 383 qua
726 319 826 367 sine
847 336 956 368 non
977 316 1178 383 potestis
1200 317 1429 369 resistere.
1470 365 1474 368 .
1498 322 1703 373 DEUM
1723 325 1816 370 im-

65 386 361 446 mortalem!
397 398 506 445 quae
533 382 637 432 haec
658 383 910 432 horrenda
930 379 1170 447 Sophistae
1190 382 1334 439 hujus
1349 417 1362 438 ,
1383 384 1562 432 cuneta
1590 388 1814 449 negantis

68 450 274 497 insania?
299 440 535 513 potuitne
547 446 691 495 furor
705 446 926 509 eousque
947 446 1143 509 adigere
1162 446 1653 500 hominem,rationis
1672 463 1812 497 com-

67 523 264 576 potem,
284 523 361 565 ut,
382 508 628 573 quidquid
650 509 773 557 boni
793 507 942 558 habet
955 511 1165 562 Natura,
1179 505 1422 572 susdeque
1440 511 1682 559 verteret?
1718 511 1814 560 Ca—

67 574 316 622 tholicnm
332 607 344 627 ,
367 587 422 621 ut
450 571 695 636 quidquid
723 571 944 620 sanctum
969 571 1121 621 habet
1145 572 1400 637 Olympus
1425 605 1437 626 ,
1465 574 1814 623 conculcaret?

68 636 370 702 Episcopum
386 669 398 690 ,
426 647 479 683 ut
501 634 746 698 quidquid
769 636 979 684 Numen
1001 634 1151 683 habet
1166 637 1364 688 Divini‚
1386 633 1683 686 destrueret?
1717 634 1812 701 pr&

65 700 369 748 immensum
391 702 439 746 in
477 698 887 762 enij,vertiginem
908 698 1057 746 semel
1079 697 1530 763 paffi,barathrum!
1551 702 1601 750 ὅς
1621 712 1810 751 tamen,

70 764 178 824 quis
212 778 318 810 non
352 763 441 810 obl
471 761 662 826 upescat
688 763 703 809 ἒ
759 765 807 811 &
838 774 1009 809 tamen
1047 776 1103 809 ex
1134 756 1270 810 hisee
1293 764 1530 827 negativis
1551 761 1812 828 pessimam

69 824 453 873 conclusionem
474 824 750 873 defendunt
760 821 962 887 Mystae3
984 825 1236 886 quibusvis
1250 827 1437 874 Mauris
1456 827 1673 890 nigriora
1698 829 1816 891 pro-⁴

67 901 290 952 pugnant
313 889 543 952 Ingenia3
595 887 702 951 ipsae
736 887 941 935 dilatant
960 887 1183 936 Ecclesiae
1203 888 1427 937 Mithrae:
1464 893 1514 939 <Se
1536 902 1708 938 tamen
1735 888 1811 939 his

68 948 314 1015 praemissis
343 963 506 998 tantus
536 950 745 998 habetur
775 949 971 1003 honos,
994 961 1047 998 ut
1070 958 1302 999 ‘erroneae
1330 967 1395 999 ne
1423 952 1711 1007 videantur,
1738 967 1812 1001 er-

68 1010 188 1061 rasse
211 1014 553 1076 proclametur
576 1012 810 1062 Ecclesia:
849 1016 898 1063 ὃς
931 1026 1099 1062 tamen
1129 1026 1262 1061 tanta
1291 1014 1406 1063 huic
1441 1015 1706 1070 dostrinae,
1728 1016 1810 1064 vel

68 1075 131 1124 ab
163 1076 400 1124 ancillulis
430 1075 645 1124 habetur·
677 1076 826 1130 fides„
862 1088 916 1123 ut
957 1075 1162 1140 seposita
1193 1078 1315 1126 colo
1347 1075 1640 1127 scholasticis
1670 1081 1812 1144 pium

69 1153 326 1200 quemque
353 1139 560 1202 fatigent
592 1140 768 1203 jurgiis.
868 1141 1054 1190 Plaude
1080 1143 1226 1204 igitur
1243 1140 1464 1198 Janseni,
1486 1153 1620 1190 tanta
1650 1144 1721 1191 tui
1744 1139 1813 1190 est

69 1202 256 1265 Ingenii
283 1202 484 1255 Gloria,
514 1214 568 1250 ut
604 1199 977 1266 strangulaveris
1009 1206 1214 1254 Naturae
1242 1219 1427 1253 vocem
1460 1220 1553 1269 pro
1585 1205 1812 1254 libertate

69 1264 398 1318 clamantem,
426 1279 532 1328 quo
563 1267 748 1315 Mundi
778 1265 958 1315 silentis
990 1282 1081 1316 ora
1109 1270 1158 1315 in
1189 1279 1271 1315 tua
1301 1269 1511 1334 aperires
1546 1270 1807 1318 encomia:

66 1338 230 1376 tantus
251 1330 302 1375 in
327 1328 473 1376 laude
495 1344 642 1376 amor
657 1362 668 1382 ,
689 1342 742 1377 ut
763 1345 945 1378 omnes
967 1330 1185 1398 desipere
1213 1330 1456 1385 debeant,
1479 1332 1733 1390 Jansenius
1755 1344 1811 1380 ut

68 1389 214 1453 possit
234 1391 421 1454 sapere:
460 1403 622 1440 tantus
654 1394 704 1439 in
729 1393 883 1441 laudis
913 1410 1089 1442 amore
1114 1395 1282 1448 furor,
1313 1407 1367 1443 ut
1403 1410 1496 1443 nec
1516 1396 1689 1447 DEUS
1715 1394 1810 1443 effe

68 1457 234 1568 1ljonus
255 1454 351 1510 jam
373 1452 536 1518 possit,
552 1455 674 1505 dum
694 1455 793 1504 sine
811 1455 914 1505 hoc
926 1458 956 1516 J
960 1458 1182 1509 anl'enius
1200 1460 1375 1522 nequit
1396 1457 1568 1508 haberi
1585 1460 1810 1523 ingenio-

96 1534 167 1568 us.

88 1620 91 1623 .
226 1580 422 1631 LEUC:
458 1582 506 1630 Si
525 1582 689 1631 minus
712 1595 946 1648 potenter
962 1617 974 1639 ,
994 1597 1099 1634 tam
1117 1586 1368 1636 ferventer
1396 1586 1565 1635 saltem
1590 1601 1809 1652 peroras,

67 1656 121 1693 ut
145 1659 253 1692 non
274 1644 411 1692 ausus
433 1643 522 1692 sim
543 1646 780 1695 haetenus
807 1648 1167 1711 interrumpere
1186 1650 1438 1711 loquentis
1457 1649 1627 1699 filum:
1656 1649 1812 1699 habes

66 1722 151 1755 me
178 1718 345 1755 totum
361 1739 372 1759 ,
410 1722 504 1755 nec
528 1724 625 1772 ego
640 1724 696 1756 ex
716 1711 953 1772 negativis
970 1707 1100 1761 hisce
1119 1711 1317 1761 felicem
1327 1714 1356 1770 J
1360 1713 1630 1762 ansenianae
1642 1712 1810 1762 haerefi

67 1785 284 1833 auguror
308 1770 706 1819 conclusionem.
776 1774 865 1820 An
890 1776 1085 1824 nullum
1106 1774 1317 1839 amplius
1344 1779 1393 1824 in
1409 1771 1540 1824 hisce
1563 1775 1810 1840 praemiffis

70 1846 292 1878 errorem
304 1844 448 1877 notas
463 1835 640 1878 3MFL:
677 1835 988 1883 Maximum:
1011 1832 1128 1886 na‘m
1152 1838 1428 1886 universalis
1442 1840 1806 1903 nulla,particu-

69 1897 190 1943 lares
209 1894 318 1940 sunt
336 1907 542 1941 omnes:
567 1897 615 1943 δε
636 1896 836 1956 qualem
852 1912 908 1945 ex
931 1896 1061 1946 hisce
1072 1901 1322 1963 Peripatus
1345 1901 1590 1965 praesagiat
1602 1903 1807 1951 conclu·

67 1959 264 2008 sionem
287 1956 302 2002 ἓ
338 1955 502 2004 dicam
520 1988 532 2008 ,
559 1972 617 2007 ex
640 1960 875 2022 negativis
897 1960 1178 2025 pessimam,
1200 1978 1260 2010 ex
1279 1965 1651 2027 particularibus
1670 1964 1807 2030 pessi·
1872 2012 1874 2015 ,

68 2017 153 2073 ma
177 2020 418 2089 pejorem.
500 2021 726 2084 Percipe:
771 2022 917 2086 aliqua
934 2059 947 2074 ,
985 2028 1096 2079 aitc,
1111 2037 1318 2086 praecepta
1340 2026 1630 2077 hominibus
1651 2032 1803 2078 etiam

67 2083 197 2146 justis
217 2083 324 2132 sunt
346 2081 659 2146 lmpoffibilia
685 2101 696 2131 :
740 2085 876 2147 aliqui
904 2088 1099 2137 tannim
1125 2087 1150 2137 a
1173 2086 1374 2138 Christo
1415 2091 1661 2156 redempti
1691 2110 1704 2136 .·
1743 2091 1807 2140 ad

68 2146 371 2198 merendum
386 2176 398 2197 ,
417 2146 495 2193 vel
510 2146 874 2197 demerendum
888 2150 1061 2201 sufficit
1073 2153 1216 2214 aliqua
1229 2153 1426 2202 tantum
1446 2154 1656 2204 libertas.
1704 2156 1802 2204 En!

66 2214 167 2271 jam
186 2209 382 2258 tertiam
407 2210 768 2272 particularem,
785 2211 903 2261 cum
925 2215 1032 2263 duae
1047 2215 1286 2265 sufficiant
1307 2217 1369 2264 ad
1397 2215 1653 2280 pessimam
1682 2233 1806 2267 con-

64 2274 358 2342 clusionem.
427 2271 525 2320 Sed
551 2273 671 2334 quid
690 2290 788 2338 ego
809 2277 926 2325 dico
947 2280 1288 2341 particulares?
1324 2282 1475 2333 Erro,
1490 2279 1600 2330 sunt
1613 2283 1807 2332 univer-

65 2339 181 2388 sales
195 2370 207 2391 ,
220 2349 334 2400 qula
349 2338 611 2407 continent
622 2340 1000 2403 propemodum
1014 2343 1265 2394 universos
1279 2358 1468 2393 errores
1482 2360 1494 2395 3
1509 2347 1624 2407 quia
1637 2347 1686 2393 in
1701 2360 1806 2409 par-

67 2401 350 2450 ticularibus
374 2397 505 2446 hisce
529 2400 638 2448 sunt
656 2403 888 2451 universae
909 2407 1145 2454 omnium
1163 2407 1265 2454 fere
1277 2419 1568 2471 temporum
1585 2408 1800 2457 haereses.

71 2464 416 2514 Gallinaceum
431 2497 444 2516 ,
465 2477 572 2511 non
586 2464 789 2513 Gallum
804 2499 815 2518 ,
839 2464 921 2515 hic
940 2468 985 2515 se
998 2466 1243 2517 monstrat
1256 2471 1509 2528 Jansenius
1523 2504 1536 2524 ,
1551 2471 1672 2520 dum
1687 2470 1804 2518 Gal-

68 2527 244 2578 linacei
260 2529 313 2579 in
333 2539 562 2583 morem,
583 2529 856 2594 putrefacta
877 2529 1071 2582 dudum
1094 2547 1150 2584 ex
1171 2533 1411 2587 haeresum
1438 2535 1800 2644 sordibusdcor-

1611 2611 1662 2647 ra
1698 2602 1737 2650 it
