2177 2905
125 41 146 49 κ

38 0 66 16 ss-
241 0 259 1 ”
277 0 299 4 ¹*
329 0 378 13 γ’

0 48 34 76 ‹5¹-
154 47 234 60 —-n„.1

576 34 595 39 a
630 37 666 79 ,N

678 90 679 93 Ἰ
731 59 938 154 ⁸Ariadne
963 94 1154 160 Physica.
1666 88 1757 154 167

1 188 9 222 ⁵-
77 185 601 255 avidequeimbibito)
619 191 866 240 inclinatam
883 195 930 240 in
954 190 1187 257 aequilibrio
1205 185 1451 249 insistentem
1470 187 1667 250 reperies.
1713 187 1822 239 Cae-

16 278 19 281 ¹
53 254 428 325 §rumffiuod
450 257 638 322 virgula
666 272 775 306 non
802 257 1068 307 inclinetur
1089 289 1102 310 ,
1126 253 1214 304 nifi
1246 253 1427 304 bisulca
1458 269 1472 305 3
1511 252 1655 316 quod
1689 265 1822 303 extra

74 335 254 370 manus
276 317 564 369 destituatur
589 321 768 370 virtute
788 353 802 375 ,
837 316 1224 370 circumstantias
1245 317 1467 372 dixerim,
1487 331 1702 379 quarum
1721 332 1825 366 ma-

75 378 122 432 le
144 395 353 447 negatur
369 382 622 433 necessitas
642 416 655 438 ,
691 383 794 433 hoc
814 383 925 433 solo
944 384 1091 433 titulo
1121 415 1135 437 ,
1172 397 1346 447 earum
1367 381 1507 430 causa
1520 382 1663 444 quod
1681 385 1824 446 igno-

72 459 226 497 retur.
275 459 278 462 ’
303 445 482 495 Forsan
502 449 739 497 virtutem
759 458 1036 512 promovet
1055 446 1303 496 mamffim
1332 445 1472 494 calor
1495 477 1509 498 ,
1555 445 1675 494 cum
1702 460 1824 494 con-

74 507 192 565 stet,
217 506 360 570 quod
377 509 554 560 eadem
583 510 800 574 Corylus
822 543 835 564 ,
876 525 987 559 non
1006 508 1093 558 nifi
1123 506 1357 558 cafefasta
1381 508 1425 556 se
1453 507 1626 572 sponte
1655 519 1823 573 gyret,

72 572 341 637 infixasque
363 572 479 623 ass'et
497 574 709 623 aviculas
728 571 1041 638 paradoxum
1054 588 1192 633 veru.
1260 571 1360 622 Sed
1377 571 1483 624 hoc
1496 575 1553 621 ex
1571 574 1737 621 alieno
1759 572 1828 629 ju-

75 636 209 686 dicio
235 670 247 692 ‚
284 628 460 685 menni
493 649 587 686 tuae
609 670 622 691 ,
648 636 704 684 ut
728 640 814 700 par
833 635 903 684 cst
929 650 942 690 ,
979 637 1132 686 velim
1159 636 1408 684 sententiae
1438 637 1758 685 reservatum.
1820 683 1822 685 ,

232 703 388 748 MEL:
425 699 935 749 Thesaurothericum
965 711 1014 746 te
1042 699 1285 763 opinabar
1308 732 1322 753 ,
1358 711 1463 747 tam
1489 699 1718 748 ardenter
1740 715 1827 749 co-

74 764 226 813 lurnae
250 764 450 827 virgulae
471 760 754 813 declamasti
783 763 1161 828 apologeticon.
1217 763 1390 825 Quam
1411 764 1461 810 in
1474 775 1667 826 partem
1691 764 1828 813 incli-

76 839 163 876 net
185 843 267 877 me
288 827 504 890 Corylus
528 860 541 880 ,
579 827 789 890 expedio
807 829 976 891 paucis
994 859 1008 881 ,
1038 825 1115 873 sed
1137 841 1231 890 pro
1261 824 1471 876 discursu
1495 858 1509 879 ,
1546 828 1664 875 citra
1685 828 1827 875 litem

74 887 415 939 scholasticam
438 922 452 944 ,
488 905 551 938 ne
572 889 736 939 forsan
766 887 951 945 iudicio
983 885 1257 956 postuleris.
1326 890 1648 954 Etimprimis
1666 891 1826 954 virgas

75 953 395 1002 divinatorias
416 986 429 1007 ,
464 950 796 1018 superstitiosis
827 952 997 1002 ritibus
1015 955 1286 1003 incantatas
1312 952 1333 1011 <
1354 965 1407 1002 ut
1425 953 1722 1016 plerumque
1743 954 1827 1002 fie-

71 1018 145 1068 ri,
177 1013 307 1065 testis
334 1014 403 1064 est
426 1018 723 1080 experientia
746 1015 767 1072 >
790 1032 898 1065 non
917 1016 1109 1079 pollere
1128 1016 1313 1067 viribus
1328 1051 1340 1073 ,
1356 1018 1442 1068 nifi
1467 1017 1711 1065 daemonis
1728 1033 1829 1081 ope

75 1078 276 1129 suffultis
303 1113 315 1134 ‚
352 1095 408 1128 ac
434 1079 645 1144 proinde
667 1080 862 1128 illarum
884 1078 1026 1128 usum
1050 1082 1099 1129 δε
1125 1081 1339 1144 impium
1361 1113 1373 1133 ,
1404 1081 1696 1131 &illicitum
1721 1114 1734 1135 ,
1758 1078 1829 1129 cst

78 1146 128 1193 in
149 1155 435 1209 comperto.
489 1141 627 1213 Qid
648 1144 782 1191 enim
809 1159 935 1206 opus
973 1144 1352 1192 incantamentis
1375 1177 1388 1199 ,
1423 1144 1458 1192 fi
1495 1143 1706 1192 naturali
1727 1159 1827 1208 ope

77 1205 311 1256 effcCtum
333 1203 555 1271 praestare
579 1204 806 1270 poss'ent?
843 1207 1190 1270 patentigitur
1217 1207 1356 1255 mille
1384 1207 1583 1255 fraudes
1602 1239 1615 1259 ‚
1646 1207 1826 1268 quibus

75 1270 462 1320 circumforanei
487 1269 692 1333 Agyrtae
707 1302 719 1323 ,
742 1270 877 1319 bello
897 1281 1081 1318 naturae
1092 1269 1341 1319 schemate
1356 1269 1446 1319 sese
1462 1270 1825 1333 palliantsdum

76 1333 265 1384 interea
286 1336 389 1384 auri
406 1333 527 1383 fuco
556 1334 746 1382 illectos
767 1337 815 1385 ὃς
832 1333 1083 1400 decipiunt
1102 1336 1333 1398 turpiter,
1355 1337 1404 1384 &
1418 1333 1825 1399 aDaemoneipfi-

76 1412 183 1449 met
204 1397 391 1463 turpius
413 1398 740 1462 decipiuntur.
810 1398 866 1446 Id
885 1410 1055 1447 tamen
1070 1397 1163 1447 hac
1184 1402 1235 1447 in
1247 1399 1422 1463 Coryli
1446 1399 1529 1447 lite
1545 1431 1557 1452 ‚
1588 1414 1696 1446 non
1717 1398 1824 1462 pos-

77 1463 185 1512 sum
208 1478 316 1512 non
335 1462 549 1510 tribuere
570 1464 830 1511 Neoterici
859 1461 1115 1518 cujusdam
1143 1465 1348 1526 ingenio
1369 1496 1382 1516 ,
1419 1477 1575 1525 quem
1603 1463 1827 1512 eruditos

73 1529 203 1575 inter
226 1525 559 1588 Philosophos
579 1527 847 1590 praeprimis
869 1540 1089 1574 veneror
1109 1559 1121 1577 ,
1159 1522 1301 1588 quod
1326 1523 1531 1592 seposita
1543 1523 1714 1590 Magia
1735 1524 1827 1591 sty-

74 1587 156 1656 gia
178 1623 191 1644 ,
227 1589 283 1639 fit
305 1588 589 1638 verosimile
613 1622 626 1642 ,
647 1589 937 1651 Corylaceae
963 1590 1163 1653 virgulce
1183 1589 1246 1637 ad
1264 1591 1528 1639 Mineralia
1547 1591 1830 1640 inc-linatio-

77 1669 198 1703 nem
227 1664 413 1702 naturae
441 1651 771 1701 conformem
795 1685 808 1706 ,
845 1665 995 1715 atque
1019 1650 1150 1701 adeo
1165 1685 1178 1706 ,
1199 1653 1422 1709 ejusdem
1445 1652 1696 1704 beneficio
1717 1669 1828 1710 ,ve-

77 1733 164 1767 nas
183 1717 452 1766 metallicas
474 1748 487 1768 ,
516 1731 572 1779 ac
597 1715 850 1764 thesauros
875 1716 1037 1779 detegi
1060 1715 1195 1780 posse
1217 1749 1230 1770 ‚
1268 1733 1323 1765 ae
1357 1719 1585 1767 inveniri.
1686 1718 1831 1770 Audi

77 1782 128 1829 in
147 1796 319 1845 pugno
341 1813 353 1834 ,
372 1778 513 1840 quod
538 1779 617 1839 ille
641 1782 691 1827 in
715 1779 896 1843 palma.
934 1780 1260 1844 Hydrargyro
1284 1796 1519 1829 amorem
1531 1779 1651 1830 ’cum
1674 1798 1829 1836 auro,

77 1838 352 1905 argentove
372 1843 735 1902 sympathicum
752 1873 764 1893 ,
802 1845 1147 1904 experimentis
1168 1841 1453 1891 contestatae
1477 1843 1617 1897 fidei,
1647 1846 1830 1908 probat

75 1906 330 1956 Schottus.
379 1901 523 1959 Idem
537 1902 897 1967 Hydrargyron
915 1906 964 1951 in
986 1903 1171 1952 fodinis
1195 1906 1449 1954 metallicis
1470 1909 1698 1963 inveniri,
1723 1909 1832 1958 Au-

76 1969 195 2018 thor
221 1964 288 2016 est
304 1969 601 2016 Honoratus
626 1966 765 2013 Fabri
788 1983 797 2012 :
837 1979 1039 2015 motum
1064 1965 1186 2017 vero
1206 1967 1349 2023 hujus
1373 1970 1606 2027 Mercurii
1631 1974 1829 2022 excitari

1879 1315 2026 1375 Joan:

1884 1377 2060 1440 Baptist-

1865 1443 2054 1491 Halden‘

1852 1509 1893 1553 S.
1905 1503 1963 1564 3.
1992 1505 2040 1553 in

1879 1570 2030 1694 rr·

79 2034 248 2082 calore
262 2063 275 2086 ²
292 2030 505 2095 Hagelio
519 2026 586 2077 est
600 2030 913 2093 exploratum
930 2063 942 2084 ,
964 2031 1106 2092 quod
1127 2029 1316 2081 norunt
1336 2031 1530 2095 ipfimet
1548 2049 1708 2098 quoq3
1721 2036 1830 2086 Cir-
1907 2023 1910 2025 ’

77 2096 324 2145 culatores
343 2127 356 2148 ,
390 2094 476 2156 qui
494 2092 702 2156 panibus
725 2093 967 2142 inclusum
995 2096 1337 2148 Mercurium,
1364 2094 1494 2144 furni
1513 2099 1682 2147 calore
1705 2099 1829 2150 dum

77 2162 303 2209 animant
326 2190 339 2210 ‚
361 2159 506 2206 miras
528 2156 638 2204 rudi
659 2157 927 2219 plebeculae
959 2157 1192 2207 exhibent
1208 2158 1433 2208 choreas.
1501 2161 1739 2224 Denique
1758 2180 1829 2212 ar-

78 2235 289 2288 gentum
308 2221 412 2269 hoc
436 2222 610 2269 vivum
636 2224 760 2269 intra
783 2221 900 2283 ipsas
922 2222 1122 2271 arbores
1138 2224 1676 2284 nonnunquamlatere
1697 2223 1827 2276 testis

81 2283 150 2334 est
171 2286 351 2348 Magiae
374 2281 586 2346 Phyficae
607 2284 772 2333 cultor
790 2284 1083 2334 Kircherus:
1112 2286 1316 2348 fiquidem
1331 2319 1343 2340 ,
1367 2288 1555 2349 inquit,
1574 2300 1654 2350 per
1661 2289 1828 2347 fiaebcer-

80 2364 256 2396 rancum
281 2347 415 2400 aestum
439 2345 675 2406 rarefac‘bm
697 2349 944 2395 Mercurim
964 2381 976 2403 ,
1003 2361 1081 2410 per
1101 2350 1385 2412 subtilzffimaes
1417 2355 1547 2399 rimas
1566 2388 1580 2404 ,
1605 2355 1725 2400 viam
1742 2353 1827 2413 fibi

73 2411 240 2472 faciens
263 2412 527 2473 evaporando
541 2444 554 2465 ,
576 2413 690 2458 inter
716 2411 872 2473 roscida
893 2412 1092 2459 arbortim
1109 2411 1234 2472 folia'
1251 2412 1489 2467 confirmas
1504 2452 1516 2468 ,
1532 2416 1616 2472 fitae
1638 2418 1826 2468 N'aturae

79 2474 350 2529 restituitur,
382 2478 497 2522 inter
516 2479 716 2522 corticem
735 2474 902 2522 arboris
924 2488 1127 2538 receptus.
1196 2480 1313 2524 Hinc
1342 2477 1523 2542 quaedam
1551 2479 1684 2528 herbae
1699 2479 1826 2539 super

10 2575 16 2578 -
79 2538 313 2588 mineralia
339 2539 594 2598 crescentes,
618 2540 815 2589 dicuntur
828 2540 1020 2599 glaciare
1038 2542 1325 2591 Mercurium.
1393 2544 1470 2596 En
1490 2545 1504 2595 .'
1527 2543 1679 2595 habes
1708 2557 1824 2604 prae-

1597 2607 1757 2661 rniffas

1854 2203 1883 2249 l.
1893 2214 1913 2259 3
1924 2203 2069 2263 ..Mag-

1854 2277 2046 2327 net.p.5‚
