2205 2905
671 98 804 147 Atlas
815 97 1141 161 Philofhphicuae.
1678 110 1742 160 27

33 202 117 244 re,
142 187 388 253 quasdam
417 198 579 257 partes
611 189 796 246 calida,
819 184 1058 253 adeoque
1086 189 1235 243 levis,
1260 187 1445 240 nitatur
1469 189 1679 242 sursum:
1714 187 1798 238 sed
1850 198 2035 255 Aristot.

32 253 282 316 quasdam
301 254 415 303 alias
439 252 634 317 frigida,
655 250 893 317 adeoque
912 254 1090 318 gravis,
1103 251 1380 303 retrahatur
1398 255 1651 309 deorsum,
1677 269 1798 303 neu·
1824 265 1932 313 535,
1962 266 2041 318 26‘

30 328 172 366 trum
202 328 409 366 motum
442 315 592 383 poffit
620 319 877 371 evincere,
904 316 1144 370 luctatur,
1167 319 1218 366 δε
1241 332 1299 365 ex
1321 317 1451 368 Iusta
1483 331 1691 368 motum
1714 333 1798 383 pa·
1826 327 1984 377 Probl,x

32 381 319 430 rabolicum
344 414 356 431 ,
390 379 419 429 ὲ.
446 380 587 430 ῐεξὶο
617 383 817 430 tramite
852 380 1231 435 deflectentem,
1255 394 1481 444 generat,
1511 398 1665 446 quem
1696 383 1798 430 alio

32 446 249 505 nomine
261 443 337 499 alii
352 444 640 502 transverficm
660 456 864 496 vocant,
879 447 931 494 &
951 445 1192 491 lateralem.
1263 445 1426 509 Qod
1445 446 1478 494 fi
1497 447 1800 508 inaequalitas

36 510 180 562 aeris,
192 519 278 555 aut
294 509 504 571 praevius
520 508 735 572 quidam
749 512 964 573 impetus
984 507 1355 556 exhalationem
1375 511 1520 557 initio
1540 507 1698 572 magis
1718 508 1801 557 de-

33 573 298 625 terminet,
318 571 370 620 in
390 569 495 619 hoc
520 572 602 620 vel
626 571 749 619 illud
770 572 921 623 latus;
959 571 1364 627 continuabitur,
1389 588 1484 621 nec
1509 572 1598 621 nili
1619 588 1676 620 ex
1699 588 1801 621 una

32 646 172 700 parte
194 633 368 682 senties
385 635 786 684 tumultuantem
806 634 1045 684 AEoliam.
1077 669 1080 671 Α
1144 634 1303 683 Subin
1328 648 1465 685 amat
1486 638 1802 701 contingere,

33 709 91 746 ut
115 698 303 763 spiritus
321 695 515 747 nitroso
536 727 557 735 -
576 696 850 762 sulphurei,
878 697 1008 746 'dum
1035 696 1257 746 subtilius
1288 702 1562 753 extenuati,
1586 700 1803 749 eluctan-

35 773 117 810 tur
135 765 187 811 in
209 762 386 815 altum,
408 762 436 808 a
456 759 646 824 frigore
666 759 946 824 repercussi,
965 772 1135 810 totum
1153 763 1402 824 impetum
1423 763 1661 812 deorsum
1680 779 1803 812 con-

37 827 250 888 cipiant,
274 836 359 873 aut
384 824 447 873 ab
467 825 564 887 ipsa
584 824 846 889 superioris
872 824 1018 873 nubis
1040 825 1310 888 gravedine
1337 841 1448 875 non
1470 827 1609 875 aliter
1635 842 1691 875 ac
1709 826 1802 875 ful-

37 903 162 939 men
192 887 428 936 deorsum
460 887 735 941 elidantur,
756 887 842 935 ubi
875 884 1038 937 statim
1070 888 1195 937 alios
1219 891 1479 938 concitant
1510 889 1716 947 halitus,
1745 905 1806 938 ac

43 951 257 1000 demum
278 952 330 998 in
352 949 580 998 horridas
610 949 840 998 desinunt
874 948 1216 1016 tempestates:
1255 955 1304 1003 ὅ(
1327 951 1423 1002 hos
1451 954 1648 1002 furores
1673 955 1806 1000 Ecne-

35 1015 145 1076 phiae
176 1012 461 1064 adscribunt
486 1011 664 1077 Sophi.
749 1063 753 1068 ,
778 1012 987 1073 Typhonis
1018 1016 1232 1064 nomine
1265 1016 1521 1066 turbinem
1557 1017 1808 1071 indicant,

43 1093 200 1141 quem
223 1079 359 1142 gigni
383 1076 591 1130 volunt,
610 1075 731 1124 cum
753 1075 1004 1126 exhalatio
1030 1080 1082 1126 in
1101 1078 1323 1140 pluribus
1340 1080 1581 1132 nubibus,
1603 1082 1807 1143 nequic-

43 1144 409 1204 quamexitum
429 1154 680 1202 quaerens,
703 1141 754 1187 in
776 1140 824 1188 se
851 1139 1007 1204 ipsam
1037 1141 1327 1197 reflectitur,
1364 1140 1724 1208 conceptoque
1752 1145 1806 1194 in

43 1207 224 1269 spiram
249 1217 399 1254 motu
426 1203 680 1257 deorsum,
705 1205 911 1252 vorticis
931 1200 1104 1259 instar,
1127 1206 1394 1255 circulatur
1415 1222 1502 1272 per
1531 1207 1804 1256 turbinem.

44 1271 148 1319 Erit
175 1268 352 1322 Praesler
377 1268 458 1316 hie
478 1266 660 1320 turbo,
683 1265 717 1314 fi
751 1267 917 1330 aliqua
948 1282 1006 1314 ex
1040 1281 1182 1332 parte
1205 1270 1455 1325 incensUS,
1486 1270 1708 1319 fulminis
1733 1272 1806 1320 in-

44 1329 141 1381 star
162 1332 322 1382 saeviat
336 1365 349 1385 ,
373 1334 424 1382 &
444 1329 755 1395 procellosos
776 1345 864 1394 per
875 1330 1045 1395 Lybiae
1068 1331 1254 1381 deserta
1271 1333 1460 1398 spargat
1482 1334 1695 1383 furores.

175 1396 374 1448 LEUC:
447 1396 648 1446 Ventos
666 1395 902 1443 nominas
922 1396 1134 1444 minoris
1154 1407 1307 1451 notae,
1332 1411 1464 1459 quos
1484 1398 1686 1444 laterales
1702 1397 1809 1447 Sta-

47 1461 188 1526 girita
204 1492 215 1512 ,
232 1458 518 1520 corumque
535 1460 795 1522 ingentem
814 1469 1039 1506 turmam
1051 1458 1408 1524 Hydrographi
1428 1459 1667 1509 afferunt:
1704 1464 1811 1524 qui-

46 1539 168 1572 nam
189 1519 311 1584 ergo
336 1521 483 1576 AEo'lij
511 1520 708 1575 fratres,
740 1535 872 1583 quos
899 1519 1002 1569 fine
1031 1529 1249 1587 purpura
1288 1524 1578 1572 Cardinales
1606 1539 1809 1574 venera-

48 1600 129 1636 tur
158 1586 485 1648 Hippotates?
549 1586 707 1630 MEL:
800 1584 850 1632 Si
874 1584 1051 1640 nescis,
1083 1590 1395 1636 memoriam
1423 1587 1613 1645 juvabit
1643 1590 1809 1653 impo-

49 1647 235 1700 sterum
257 1650 286 1707 J
291 1649 462 1699 oviani
484 1647 652 1700 Musa,
676 1662 775 1710 qua
797 1649 998 1698 cecinit:

398 1714 447 1760 A
461 1711 625 1769 summo
647 1715 828 1763 Boreas,
854 1715 1007 1758 Notus
1025 1715 1111 1760 imo
1127 1714 1265 1779 spirat
1282 1716 1485 1777 Olympo:

399 1774 595 1832 Occafitm
616 1775 766 1831 insedit
781 1776 1002 1836 Zephyrus
1014 1812 1028 1828 ‚
1053 1781 1178 1824 venit
1204 1781 1348 1826 Eurzos
1367 1779 1421 1826 ab
1441 1791 1556 1828 ortu.

49 1842 198 1906 Signa
219 1839 496 1889 'ventorum
518 1834 841 1902 prognostica
855 1871 868 1893 ,
888 1839 992 1889 hoc
1012 1854 1224 1904 quoque
1243 1856 1412 1893 metro
1426 1877 1441 1899 ,
1460 1841 1653 1894 inclusit
1677 1842 1804 1894 Poe-

51 1918 102 1955 ta
121 1904 330 1967 quidam
351 1901 703 1965 Philosophus.

402 1968 448 2011 Si
470 1964 749 2023 scintillantes
767 1962 936 2019 stellas,
951 1965 989 2024 fi
1005 1963 1128 2024 fbrte*
1147 1968 1354 2021 cadentes,

405 2025 630 2091 Halcique,
653 2030 710 2075 Θ
727 2026 857 2073 nubes
879 2044 973 2075 cum
995 2030 1088 2076 Sole
1106 2032 1278 2079 cadente
1302 2030 1516 2087 rubentes,

402 2094 448 2139 Si
469 2105 616 2139 tenues
626 2091 789 2153 spargit
805 2103 886 2151 per
905 2094 1030 2139 inane
1051 2110 1209 2140 aranea
1232 2097 1355 2148 telas,

403 2155 498 2202 Sole
517 2166 740 2206 coronato,
760 2155 968 2218 Luncc'que
993 2155 1170 2204 rubente
1188 2159 1361 2206 timebis

407 2221 483 2265 Ire
502 2219 619 2266 leves
635 2230 809 2269 ventos,
827 2216 1043 2282 flattisque
1061 2219 1437 2283 instarefuperbos.

57 2282 312 2337 Caeterum
329 2283 493 2354 venti,
518 2296 648 2342 quos
667 2283 848 2331 emittit
860 2282 1161 2346 Septentrio,
1184 2282 1211 2333 a
1233 2290 1379 2336 Zona
1400 2286 1574 2351 frigida
1594 2287 1705 2338 ficei
1724 2289 1807 2339 ad-

57 2345 539 2410 volant,gelid1que‚
560 2345 822 2393 serenitatis
847 2345 1145 2410 plerumque
1165 2350 1458 2411 prodromit
1493 2356 1580 2415 qui
1607 2352 1636 2400 a
1660 2355 1808 2401 meri-

61 2414 142 2462 die
161 2412 354 2476 spirant,
374 2408 402 2457 a
417 2412 564 2458 Zona
583 2408 771 2457 torrida
797 2409 1023 2457 calorem
1036 2443 1049 2463 ‚
1073 2411 1135 2459 ab
1150 2414 1366 2462 Oceano
1387 2413 1600 2464 afferunt
1618 2415 1805 2466 humo-

62 2491 199 2526 rems
220 2474 337 2522 hinc
357 2471 385 2521 a
402 2471 578 2537 pluvijs
604 2472 800 2521 dudum
821 2484 971 2521 notus
982 2472 1295 2540 Philosophis
1309 2479 1498 2528 Notus,
1536 2479 1808 2541 Venti‚qu.i

63 2540 210 2590 suum
228 2548 402 2590 ortum
420 2534 483 2588 ab
507 2535 798 2593 occidente,
817 2538 870 2587 in
895 2538 1022 2585 mari
1054 2537 1318 2596 Atlantico
1345 2541 1563 2595 induunt
1589 2541 1809 2591 humidi.

936 2600 989 2651 D
1027 2614 1053 2648 2
1587 2617 1744 2661 tatem
