2177 2905
433 104 522 154 152
1039 86 1234 135 Ariadne
1258 85 1443 150 Physica.

357 185 568 239 sustulit,
595 186 645 236 &
668 181 973 233 inventionis
992 181 1194 232 honore
1218 193 1513 235 contentus,
1532 180 1675 232 illum
1703 183 1902 234 tradidit
1919 185 2111 251 Peripa-

358 264 416 299 to
437 246 829 307 dijudicandum.
899 248 958 296 Et
984 247 1124 295 ecce!
1160 262 1283 295 mox
1299 244 1650 310 Philosophica
1666 247 1853 310 ubique
1873 247 1985 296 fora
2005 264 2112 313 per·
2146 259 2153 263 ·

361 311 572 377 strepere
586 344 599 366 ,
622 311 797 369 iudicia
818 310 1004 368 judiciis
1024 321 1210 358 certare
1225 342 1238 361 ,
1263 308 1407 356 nullo
1432 309 1789 358 emolumento
1803 343 1817 365 ,
1837 309 1924 359 nisi
1945 310 2112 359 forsan

360 375 661 425 raucedinis:
699 390 819 424 nam
841 373 1005 422 adhuc
1028 372 1112 421 sub
1142 372 1319 430 Judice
1338 371 1396 418 lis
1419 367 1514 425 est,
1541 384 1596 420 ut
1624 369 1769 438 plane
1799 373 2112 438 paradoxum

361 440 498 488 hunc
524 438 740 501 lapidem
766 453 872 485 non
894 434 1152 484 immerito
1176 435 1349 482 dixeris
1368 435 1688 497 ingeniorum
1713 450 1903 485 cotem.
2003 438 2115 485 Kir-

362 502 540 551 cherus
574 501 902 565 Philosophiae
934 497 1134 548 curiosae
1165 498 1554 552 Proto-Parem,
1581 501 1629 550 ὃς
1654 500 1731 547 vel
1755 496 1873 549 ideo
1940 515 2001 548 rae
2024 515 2114 548 cae-

363 569 478 614 teris
502 578 666 629 gratus
681 597 693 618 ,
715 567 829 627 quia
848 564 954 627 plus
977 564 1161 611 caeteris
1182 561 1400 610 eruditus
1415 595 1428 615 ,
1449 562 1614 610 multis
1637 563 1845 627 explicat
1863 566 1908 612 T
1949 576 2117 611 avma-

365 639 566 693 tui-gam
584 628 727 685 hujus
741 627 913 691 lapidis
934 625 1181 675 indolem.
1250 624 1536 674 Prolixioris
1558 624 1797 675 discursus
1815 625 1951 675 dabo
1975 640 2118 675 com-

366 692 609 757 pendium
633 706 727 756 pro
750 689 976 740 discursu.
1054 688 1237 738 Afferit
1263 686 1380 736 Imo
1417 687 1560 744 hujus
1580 688 1751 752 lapidis
1776 689 2117 741 Patriam,Re-

367 758 576 820 gionem
598 770 841 805 omnem3
866 764 977 801 utut
1002 748 1323 800 validiffimos
1351 752 1563 815 Europae
1591 753 1882 816 Magnetes,
1905 754 1955 799 in
1982 752 2118 800 Nor-

367 822 547 882 vvegia
588 818 906 881 progenerari
944 813 999 862 fit
1030 816 1081 862 in
1110 825 1398 877 comperto.
1500 812 1681 861 Asserit
1710 814 1811 862 zdo
1843 813 1979 862 hunc
2003 814 2118 876 lapi·

370 882 490 931 dem
506 914 518 935 ,
538 882 649 938 Jani
674 879 910 929 Bifrontis
938 877 1225 941 symbolum
1241 908 1253 928 ,
1273 877 1389 937 quia
1408 876 1643 936 qualitate
1673 875 1936 939 praeditum
1967 875 2120 924 bifor-

371 947 469 998 mi,
492 959 590 1006 qua
620 943 773 994 veluti
803 937 1006 1005 gemina
1033 939 1159 986 facie
1189 949 1461 986 contuetur
1485 940 1748 1001 geminum
1774 939 1988 993 Polum,
2011 938 2121 987 Au-

370 1005 570 1056 stralem
589 1006 782 1059 scilicet,
796 1008 843 1053 ὅ(
860 1002 1142 1051 Borealem.
1211 1001 1344 1049 Hinc
1363 999 1398 1048 fi
1418 1000 1508 1050 filo
1528 1002 1669 1050 illum
1688 999 1962 1066 suspendas,
2023 1003 2120 1050 uic-

372 1083 478 1119 tem
501 1085 609 1119 non
637 1071 821 1133 capiet,
847 1065 1000 1126 usque
1026 1064 1149 1111 dum
1169 1065 1440 1117 invenerit,
1459 1066 1509 1112 in
1526 1065 1670 1129 plaga
1698 1063 1783 1113 sibi
1801 1063 2052 1130 benefica,
2075 1079 2122 1111 a-

372 1136 565 1183 micum
591 1133 747 1181 Sidus.
851 1125 1038 1178 Ass'erit
1063 1126 1191 1184 3tio,
1214 1126 1350 1176 hunc
1378 1127 1595 1191 lapidem
1621 1129 1803 1177 virtute
1830 1123 2122 1192 prodigiosa

374 1196 439 1246 fic
463 1211 606 1259 agere
625 1211 711 1260 per
734 1192 995 1258 sphaeram,
1022 1202 1074 1239 ut
1104 1190 1291 1238 ferrum
1314 1191 1551 1245 attrahat,
1574 1191 1654 1239 vel
1673 1190 1759 1240 fibi
1781 1190 1994 1239 fimilem
2014 1191 2126 1239 Ma-

373 1272 606 1325 gnetem:
644 1258 773 1306 hanc
795 1259 1032 1306 virtutem
1047 1254 1122 1310 alij
1145 1255 1196 1302 in
1213 1255 1465 1317 qualitate,
1479 1257 1530 1302 in
1547 1253 1963 1318 corpusculorum
1987 1251 2125 1301 efflu-

374 1323 461 1379 vijs
496 1324 571 1379 alii
605 1318 944 1372 constituunt,
979 1318 1224 1367 idiomate
1258 1332 1351 1381 pro
1389 1316 1585 1366 diverfis
1625 1316 1872 1381 principiis
1910 1315 2122 1365 diverso.

360 1388 507 1436 ‘Hinc
531 1385 564 1433 s1
586 1386 799 1449 Magnes
828 1383 978 1435 liber,
1004 1385 1053 1432 ὃς
1083 1383 1311 1443 exiguus,
1334 1380 1526 1429 ferrum
1557 1376 1680 1430 vero
1713 1374 1895 1444 grave',
1915 1378 1997 1428 vel
2026 1378 2138 1437 alli,

373 1462 549 1515 garum
570 1481 583 1502 ,
613 1451 825 1511 Magnes
854 1456 1078 1494 accurret
1108 1444 1172 1493 ad
1205 1443 1420 1494 ferrum:
1456 1442 1617 1498 secus,
1648 1443 1893 1506 obsequio
1923 1454 2128 1496 mutuo,

374 1515 565 1565 ferrum
599 1510 857 1561 advolabit
887 1509 949 1558 ad
979 1509 1274 1572 Magnetem
1298 1541 1311 1562 ‚
1341 1503 1590 1572 gratoque
1619 1505 1901 1571 speEtaculo
1930 1507 1982 1554 in
2014 1507 2128 1555 aere

375 1576 656 1643 pendulum
679 1573 897 1623 haerebit.

503 1639 702 1689 LEUC:
771 1638 831 1684 Et
848 1635 974 1687 hoc,
998 1634 1052 1684 ni
1077 1637 1250 1688 fallor,
1280 1636 1402 1684 illud
1426 1637 1517 1683 erit
1546 1634 1883 1690 Miraculum‚
1904 1633 2048 1696 quod
2076 1634 2129 1681 in

378 1701 692 1754 Mahometis
720 1697 1026 1763 sarcophago
1047 1732 1059 1754 ,
1098 1701 1278 1748 virtute
1309 1695 1597 1760 Magnetida
1612 1697 1873 1763 suspenso,
1892 1694 2126 1761 obstupe-

377 1767 518 1816 scunt
537 1765 788 1815 Lunaticae
807 1762 1022 1812 Noftuae
1041 1793 1055 1816 ,
1075 1764 1263 1811 Turcas
1285 1762 1530 1814 intellioo,
1546 1764 1631 1822 qui
1647 1761 1751 1809 suas
1769 1758 1833 1808 fic
1852 1759 2128 1837 depereunt

378 1828 608 1878 tenebras
622 1860 634 1883 ‚
657 1838 713 1875 ut
729 1827 880 1874 etiam
902 1825 1183 1874 naturalem
1204 1801 1534 1887 Philosopssiae
1554 1825 1752 1873 Lucem
1778 1825 1973 1887 penitus
1995 1836 2131 1871 aver·

380 1892 561 1942 sentur.
628 1891 784 1936 MEL:
853 1884 1009 1937 Reste
1034 1888 1270 1937 advertis:
1309 1886 1416 1934 sunt
1436 1900 1620 1950 nempe
1647 1887 1808 1950 decipi
1830 1885 2014 1939 faciles,
2028 1887 2134 1948 qui-

383 1957 475 2005 bus
503 1956 655 2007 mira,
678 1952 852 2001 fucato
876 1950 1166 2014 splendore,
1200 1949 1424 2000 rutilant,
1453 1949 1590 1999 velut
1609 1948 1870 1999 Miracula.
1971 1950 2130 1999 Caete-

384 2019 528 2073 rum,
553 2018 743 2069 fateor,
769 2016 1018 2086 Magnetis
1049 2017 1373 2079 proprietates
1405 2010 1535 2061 adeo
1564 2011 1866 2077 paradoxas,
1889 2023 1945 2061 ut
1977 2014 2130 2061 etiam

139 2088 196 2134 L.
212 2097 288 2131 21.
309 2083 358 2129 de
387 2078 700 2147 Augustinos
717 2081 767 2128 in
790 2078 1180 2128 admirationem
1201 2074 1385 2126 merito
1413 2079 1671 2124 traxerint:
1707 2079 1798 2138 quzis
1819 2079 1954 2127 enim,
1977 2076 2134 2125 excla-

139 2150 360 2205 Civit.c.4.
390 2159 520 2200 mat,
544 2148 636 2191 vim
658 2142 779 2197 istam
804 2142 954 2203 lapidis
978 2158 1057 2187 non
1081 2140 1354 2201 obstupescat,
1382 2137 1417 2188 fi
1444 2138 1637 2193 Videat,
1661 2138 1854 2187 ferrum
1882 2135 1910 2188 ὲ
1935 2139 2134 2205 longin-

143 2343 303 2390 Schott.

390 2225 498 2273 quo
527 2208 828 2273 applicatum
844 2239 858 2259 ,
883 2220 990 2253 non
1013 2217 1118 2252 tam
1137 2203 1339 2257 attrahi,
1362 2200 1517 2266 quam
1543 2201 1771 2264 quodam
1790 2203 1984 2267 impetu
2011 2205 2133 2267 rapi.

389 2285 445 2321 ut
470 2274 622 2320 etiam
643 2282 737 2319 tres
763 2265 1076 2317 robustissimi
1097 2270 1205 2317 Viri
1224 2266 1346 2316 illud
1374 2268 1453 2316 vix
1485 2268 1694 2314 retinere
1710 2301 1720 2316 ‚
1741 2261 1850 2314 imo
1876 2264 2026 2314 semel
2054 2282 2135 2331 ag-

390 2337 693 2399 glutinatum
723 2334 871 2381 etiam
903 2332 1179 2380 duodecim
1199 2329 1226 2380 a
1247 2329 1605 2403 perpendiculo
1638 2330 1718 2378 vix
1751 2324 2028 2380 abstrahere
2053 2346 2135 2381 va-

136 2418 185 2468 p.
200 2418 246 2463 4.
259 2404 362 2449 Ma-
391 2400 552 2448 leant?
586 2398 740 2445 talem
767 2397 1064 2458 Magnetem
1100 2396 1222 2444 vidit
1252 2393 1564 2457 Lugdunum
1586 2426 1599 2447 ‚
1635 2394 1857 2455 quinque
1893 2393 2133 2444 librarum

139 2479 258 2529 gnet.
275 2467 306 2513 l.
316 2478 357 2525 3.
387 2461 616 2529 pondere
644 2472 924 2511 armatum,
955 2462 1042 2522 qui
1074 2458 1261 2523 absque
1283 2458 1467 2508 dubio,
1493 2457 1658 2506 virum
1694 2456 1845 2504 etiam
1881 2469 1988 2506 cata
2025 2457 2130 2507 hra-

145 2546 245 2581 ΕΙ.

388 2526 530 2580 Cium
555 2523 722 2578 ferro,
746 2519 971 2589 rapuisset
997 2525 1050 2575 in
1074 2525 1274 2574 aeream
1299 2519 1506 2578 extasin,
1535 2517 1601 2572 eo
1631 2516 1792 2584 magis
1815 2521 1994 2572 mirabi
2017 2536 2130 2594 em.

1955 2599 2063 2648 quo
