2177 2905
96 433 216 483 Plin.
230 432 313 480 d.c.

140 508 249 555 107.

91 767 169 817 De
185 775 312 828 raptu

93 831 261 890 Proser.

85 1898 174 1944 inl.
193 1911 267 1945 10.

86 1962 138 2007 de
152 1963 283 2008 civit.

86 2026 182 2073 Dei
190 2042 227 2074 c.
241 2040 289 2087 4.

426 89 488 144 88
1035 85 1153 140 circe
1178 91 1265 140 Phi
1267 90 1492 153 lofhphicai

346 180 594 233 contextis
623 176 810 231 fiir-enti
827 176 1068 232 Vulcano
1088 182 1253 240 objice
1271 215 1287 237 ,
1326 185 1376 232 ὅ(
1397 195 1508 231 non
1535 179 1703 233 modo
1727 195 1838 233 non
1859 181 2128 238 devorabit

344 244 567 299 avidius,
598 244 681 294 sed
701 248 752 297 ὃς
775 243 1095 310 purificatum
1118 258 1300 295 vomet
1312 244 1586 296 candidius.
1687 247 1917 312 Magneti
1947 248 2129 310 admo-

346 322 408 357 ve
430 307 757 357 adamantem
777 343 790 360 ‚
843 310 1218 374 &impedietur
1250 306 1388 358 illico
1413 312 1485 357 vis
1506 310 1762 359 attractiva
1785 311 1900 360 ferri
1929 319 1944 359 ἐ
1978 313 1997 360 1
2036 326 2124 362 nes

346 371 560 436 collige,
590 387 720 434 quos
733 373 902 435 fatuos
925 375 1163 440 nominat
1188 371 1537 436 Philosophia,
1574 371 1829 423 &videbis
1850 374 1964 425 illos
2001 382 2126 440 uper
2174 377 2175 381 ’

345 434 621 485 hominum
636 468 649 490 ,
686 434 1045 498 equorumque
1069 438 1228 500 capita
1252 431 1376 483 stare
1399 438 1671 494 innoxios:
1707 453 1880 487 cernes
1899 453 1957 486 ex
1976 438 2125 489 fonte

344 499 551 552 Scantio
576 514 839 565 erumpere
863 498 1120 552 flammas,
1143 495 1290 547 illaesa
1305 530 1318 552 ,
1349 513 1459 561 quae
1481 501 1683 550 fontem
1705 502 1959 565 contegit,
1993 504 2044 553 &
2062 518 2122 551 ae-
2145 521 2147 527 ’

343 561 548 611 ternum
567 565 759 612 virente
783 562 1011 611 fraxino:
1065 561 1407 627 deprehendes
1430 595 1443 617 ,
1478 561 1591 627 post
1624 564 1729 613 fera
1764 564 1934 613 nubila
1973 567 2121 630 ponti

344 625 647 675 albicantem
666 626 932 675 flammam
946 659 958 682 ,
981 629 1142 675 nautis
1164 626 1388 674 S.Telmi
1413 629 1627 676 nomine
1645 627 1918 676 indicatam
1932 660 1945 681 ,
1976 627 2121 679 malo

341 688 551 738 inlidere
575 691 792 739 amicam
816 691 1009 755 prorsus
1024 723 1036 745 ,
1060 693 1110 741 δί
1130 684 1341 738 minime
1364 690 1672 739 violentam:
1709 688 1820 741 imo
1835 689 2119 743 fiClaudia-

343 769 416 802 no
438 752 560 802 fides
581 757 630 804 ὅ(
652 753 813 819 ipsum
837 754 1031 804 AEthnae
1050 751 1343 801 incendium
1361 753 1446 810 scit
1467 753 1639 801 nivibus
1650 754 1830 811 servare
1842 753 1998 812 fidem,
2019 756 2119 801 dum

341 815 498 868 lambit
520 821 737 877 contiguaes
763 821 938 865 innoxia
952 816 1133 877 flamma
1158 819 1336 876 pruinas
1354 851 1367 866 ,
1406 816 1455 865 id
1478 816 1622 878 quod
1642 832 1754 864 non
1788 828 1896 864 tam
1921 819 2117 882 ignivo-

339 882 436 931 mis
454 880 698 931 imbribus
724 918 738 933 ,
778 880 934 945 quam
962 881 1248 931 celerrimo,
1275 893 1332 925 ac
1367 878 1602 927 violento
1629 879 1755 927 aeris
1784 879 2118 936 interjacentis

340 947 511 995 motui
535 978 548 999 ,
572 960 680 1008 quo
701 945 973 1010 impeditur
995 945 1119 1007 ignis
1143 941 1362 989 aestivitas
1388 973 1401 994 ,
1433 956 1498 989 ne
1521 942 1695 990 vicinis
1717 940 1811 990 sese
1830 942 2027 992 nivibus
2045 944 2116 994 in-

341 1008 531 1062 finuet,
574 1005 644 1056 est
665 1007 1067 1057 adscribendum.
1138 1005 1206 1056 Ut
1236 1001 1368 1053 adeo
1392 1006 1580 1054 mitum
1602 1019 1714 1053 non
1732 1003 1815 1060 fit,
1839 1003 1984 1069 quod
2008 1007 2115 1070 plu·

339 1074 470 1121 rima
492 1073 617 1121 Orci
631 1075 785 1135 genio
806 1071 973 1120 media
992 1069 1251 1134 suppetant
1264 1100 1279 1121 ,
1302 1068 1482 1130 quibus
1502 1068 1723 1117 astiones
1742 1070 1999 1118 causarum
2022 1071 2116 1119 im-

340 1135 536 1250 puedciiat,
566 1130 725 1200 iisque
747 1135 996 1200 impeditis
1016 1134 1397 1201 thavmaturgus
1421 1132 1575 1184 veluti
1620 1128 1792 1182 histrio
1812 1132 2114 1185 mortalibus

338 1216 355 1249 1
397 1215 426 1247 u
467 1211 531 1247 at.

467 1263 667 1315 LEUC:
736 1265 787 1313 Si
813 1265 1005 1329 magica
1025 1260 1243 1333 potestas
1268 1262 1388 1312 nihil
1408 1264 1459 1311 in
1480 1260 1693 1311 univcrsl
1716 1261 1850 1326 leges
1870 1293 1883 1315 ,
1904 1260 1938 1310 si
1959 1263 2010 1309 in
2030 1277 2112 1311 ot-

248 1354 263 1370 ›
339 1326 513 1380 dinem
537 1340 723 1377 naturae
748 1328 894 1383 nihil,
926 1327 981 1376 ut
998 1328 1120 1390 quid
1139 1344 1262 1392 ergo
1287 1329 1435 1375 toties
1455 1324 1709 1390 perturbat
1727 1324 1906 1376 sidera,
1934 1326 2114 1388 &pto-

274 1422 290 1440 0
338 1390 625 1463 pemodum
643 1387 880 1456 susdeque
906 1396 1053 1441 vertit
1088 1405 1308 1454 quatuor
1325 1389 1612 1439 elementa?¹
1648 1388 1766 1439 audi
1783 1386 1919 1457 apud
1939 1388 2112 1439 Petro-

335 1469 482 1506 mum
501 1455 808 1524 gloriantem
829 1459 881 1504 in
914 1455 1059 1504 extasi
1090 1456 1334 1506 Vetulam
1361 1472 1373 1502 t

558 1521 674 1579 Qid
694 1520 862 1567 leviora
882 1520 1032 1582 loquor
1056 1521 1078 1566 ἒ
1119 1522 1241 1565 Lamae
1258 1519 1465 1576 deflendit
1490 1520 1656 1577 imago,

558 1582 826 1631 Carminibus
845 1583 1021 1629 dedusia
1044 1587 1170 1628 metls:
1209 1581 1472 1644 trepidasque
1494 1580 1691 1639 fhrcntes

559 1647 754 1692 Flefftere
772 1647 876 1691 Solis
897 1661 1023 1707 equos
1041 1645 1240 1691 revoluto
1261 1647 1428 1706 cogitur
1455 1642 1581 1690 orbe:

557 1707 746 1755 Tantam
777 1708 891 1753 dista
930 1708 1095 1755 valent.

335 1774 466 1824 Non
486 1773 634 1837 igitur
656 1772 719 1820 ad
744 1770 1191 1835 Morosophorum
1205 1769 1388 1820 Insulas
1408 1767 1674 1833 releganda
1687 1767 1883 1835 penitus
1903 1769 2040 1820 Gens
2050 1768 2108 1830 il-

337 1838 416 1893 la,
453 1852 562 1900 quae
581 1838 632 1883 in
652 1834 864 1883 flumine
887 1834 1288 1898 resplendentem
1323 1832 1603 1896 Cynthiam
1643 1833 2018 1897 contemplata,
2053 1835 2107 1883 in

334 1900 493 1951 undas
515 1896 812 1948 descendisse
854 1898 1052 1951 Deam,
1092 1897 1187 1946 sese
1211 1897 1411 1945 lavandi
1439 1894 1562 1959 ergo
1586 1928 1600 1947 ,
1634 1896 1942 1948 crediderat3
1961 1895 2105 1948 cum-

336 1980 436 2029 que
458 1959 592 2013 forte
628 1962 833 2011 fortuna
850 1960 1162 2010 Arcadicum
1186 1975 1337 2024 pecus
1363 1958 1674 2023 pellucidum
1707 1959 1928 2008 turbaret
1951 1959 2107 2008 unda-

334 2044 451 2079 rum
470 2026 747 2092 speculum,
767 2023 1017 2087 simulque
1038 2023 1195 2072 nubes
1215 2025 1418 2072 Lunam
1448 2023 1607 2071 oculis
1629 2037 1841 2085 quoque
1868 2021 2107 2071 subduce-

336 2104 429 2147 ret,
452 2090 670 2140 eandem
692 2088 753 2136 ab
774 2087 930 2142 asino,
954 2087 1035 2138 vel
1055 2086 1354 2137 devoratam
1371 2118 1388 2147 ,
1417 2085 1498 2134 vel
1517 2081 1652 2134 certe
1674 2097 1882 2151 epotam
1900 2097 2008 2134 tam
2026 2084 2107 2135 fir-

334 2157 485 2206 miter
504 2153 591 2203 fibi
614 2151 933 2218 persuaserat,
965 2163 1021 2200 ut
1035 2151 1272 2200 miserum
1291 2148 1477 2198 animal
1498 2148 1549 2196 in
1568 2163 1787 2197 carceres
1806 2160 1964 2198 tetros
1981 2160 2126 2199 con:

332 2220 527 2277 iiceret,
551 2215 841 2274 conjectum
865 2214 1084 2277 equuleo
1106 2224 1391 2276 torqueret,
1411 2215 1463 2262 ὅ(
1489 2209 1664 2260 frustra
1676 2212 1895 2276 denique
1906 2221 2105 2263 tortum

332 2280 513 2333 rescita
542 2281 660 2330 alvo
681 2313 696 2333 ,
732 2278 859 2327 fidus
883 2292 938 2326 ut
969 2278 1096 2326 Orbi
1134 2277 1364 2326 recideret
1385 2308 1399 2329 ,
1445 2274 1643 2339 penitus
1668 2288 1998 2325 exenteraret:
2034 2291 2101 2326 an

332 2343 581 2395 crudelius
597 2379 607 2394 ‚
638 2358 700 2391 an
726 2339 968 2396 stolidius,
989 2356 1141 2405 penes
1153 2354 1203 2389 te
1224 2340 1464 2406 judicium
1478 2334 1602 2389 esto.
1671 2341 1827 2389 MEL:
1851 2340 1991 2389 Gens
2013 2335 2103 2389 ista.

331 2410 505 2471 utique
527 2402 695 2470 inepte
709 2438 722 2459 ,
761 2418 814 2454 ut
832 2407 1018 2454 merito
1041 2405 1179 2454 illam
1201 2420 1257 2452 ex
1294 2402 1435 2452 lodat
1454 2401 1535 2451 vel
1558 2401 1655 2467 ipse
1674 2405 1807 2453 canis
1825 2402 2098 2467 AEsopicus:

329 2470 663 2522 nihilominus
689 2468 798 2532 saga
822 2484 930 2517 non
955 2464 1124 2539 inepte
1151 2482 1243 2516 mo
1283 2464 1345 2520 ὁ,
1381 2464 1462 2514 sed
1485 2467 1539 2515 &
1566 2467 1777 2517 inaniter
1799 2468 1997 2533 prorsus
2018 2465 2102 2515 sua
2150 2494 2153 2495 ν

326 2533 633 2603 ampullatur
650 2534 704 2586 in
721 2543 850 2582 arte:
888 2546 999 2584 non
1012 2546 1149 2585 emm
1171 2532 1318 2582 Orco
1334 2526 1817 2596 suffultaMagarum
1845 2531 2006 2645 viCrtuisi
2017 2527 2102 2579 vel

1919 2607 1972 2644 οε
2008 2616 2033 2648 7ε,
