2177 2905
412 88 432 126 1
443 79 501 128 82
1034 71 1230 122 'Ariadne
1251 69 1439 137 Physica.

347 176 492 224 viore
511 167 646 221 noxa
671 169 852 236 negligi
875 168 1099 236 poffe,eo
1121 171 1265 238 quod
1283 170 1547 222 confilium
1566 168 1750 224 (innon
1772 182 2090 239 praeceptum.

342 236 443 288 Sed
471 235 660 285 addidit
690 236 986 290 clausulam,
1013 250 1195 299 quam,
1215 235 1396 288 velim,
1426 234 1669 299 signanter
1699 250 1869 292 notes:
1907 237 2093 287 etse-ta·
2140 258 2177 285 «ιι

343 316 465 349 men
481 332 494 353 ,
511 298 728 353 ass'eruit,
752 302 963 363 reperire
985 315 1094 348 non
1114 314 1302 365 paucos
1318 332 1331 353 ,
1358 301 1444 361 qui
1475 297 1544 347 ob
1570 299 1848 363 neglectam
1872 303 2098 350 vocatio·
2171 339 2173 362 3

343 379 464 412 nem
487 362 635 411 salute
655 362 957 410 exciderent:
995 362 1143 412 fallor
1157 394 1169 417 ,
1191 378 1298 411 non
1318 361 1387 410 ob
1406 362 1684 426 neglectam
1702 395 1712 414 ,
1734 363 1815 411 sed
1839 364 1910 412 ob
1931 364 2096 429 negle-
2172 384 2175 418 3

342 426 430 474 ἀεὶ
463 424 746 489 pedissequa
772 425 946 474 scelera
977 458 990 480 ,
1036 441 1145 489 quae
1179 424 1471 490 praeviderat
1518 425 1795 488 benignum
1847 429 2058 477 Numen
2084 459 2097 481 ,
2161 480 2165 481 ⁷

341 491 392 538 in
423 489 607 539 Mundi
636 488 921 550 labyrintho
953 488 1089 538 hunc
1120 491 1432 545 incursurum
1458 521 1471 543 ,
1500 487 1534 537 fi
1559 488 1788 539 oblatum
1815 492 2098 541 vocationis
2159 526 2162 528 ψ

341 551 512 607 filum,
536 553 617 601 vel
653 568 762 601 non
792 554 1052 618 arriperet,
1086 552 1164 602 vel
1201 550 1420 603 omnino
1451 552 1786 618 abrumperet.
1855 555 1976 603 Haec
1998 553 2095 602 ille.

343 617 547 680 Excepit
578 614 736 664 thesin
765 614 895 664 hanc
929 616 1156 682 Sophus,
1191 620 1241 668 ὅ(
1271 618 1461 665 utinam
1490 615 1617 664 bene
1648 615 1890 671 decisam,
1919 617 2097 666 melius

343 676 716 744 propugnaffet!
761 694 880 728 nam
911 678 1031 729 cum
1063 680 1349 744 frequenter
1379 679 1445 727 illi
1477 692 1739 742 oggereret
1771 681 2098 734 conscientia,

349 745 673 807 Religionem
702 740 794 790 effe
822 743 1163 807 periculorum
1191 743 1433 793 omnium
1463 744 1842 796 exterminium,
1867 759 2099 792 curarum
2167 786 2171 787 ⁷

355 807 584 859 exilium,
605 805 632 853 a
654 805 839 855 Mundi
870 806 1022 854 turbis
1050 807 1262 869 asylum,
1292 805 1656 866 tranquillitatis
1686 817 1920 867 portum,
1945 807 2100 868 perfe-

346 869 514 919 &ioris
534 870 643 917 vitae
668 870 935 918 Nutricem
951 902 963 922 ,
986 870 1294 918 Genitrieem
1324 869 1514 914 virtutis
1530 898 1542 917 ,
1569 867 1861 916 mediorum
1885 867 1948 916 ad
1980 869 2099 917 salu-

348 946 454 981 tem
485 934 952 982 armamentarium,
978 931 1261 979 thesaurum
1287 928 1540 992 Evangelii
1566 929 1946 983 absconditum,
1968 932 2100 981 Mar-*

348 998 578 1061 garitam,
595 994 834 1043 omnibus
846 996 1029 1043 Mundi
1049 992 1281 1041 thesauris
1300 989 1458 1056 magis
1485 993 1765 1056 pretiosam,
1782 995 1966 1043 Mortis
1989 994 2099 1043 bea-

347 1072 408 1108 tae
430 1058 765 1122 prodromam
784 1090 796 1110 9
817 1068 1005 1105 certam
1029 1056 1189 1105 salutis
1211 1055 1489 1105 anchoram
1506 1088 1518 1108 ,
1538 1055 1853 1106 beatitudinis
1876 1056 2098 1105 arrham:

77 1154 143 1201 ,B
272 1151 298 1195 d
349 1122 479 1171 hane
500 1132 662 1169 totam
684 1119 1107 1184 anacaephaleofin
1121 1121 1288 1176 rejecit
1308 1116 1486 1169 verbo,
1503 1120 1680 1168 Lacon
1697 1120 1974 1185 despoticus
1992 1137 2001 1166 :
2022 1137 2102 1166 non
2157 1168 2161 1173 ,

99 1167 311 1264 ὢῖζιηαέξ
352 1198 512 1232 teneor.
582 1183 721 1233 Cum
752 1196 980 1232 mentem
1021 1195 1263 1251 pungeret
1292 1183 1374 1234 vel
1400 1183 1561 1229 invito
1584 1183 1709 1247 Apis
1738 1183 1986 1232 melliflua:
2009 1199 2101 1233 no-

133 1234 154 1262 ⁰
203 1250 213 1261 '
267 1241 285 1261 ⁰
354 1261 402 1298 ta
431 1246 718 1312 polythefis:
757 1249 800 1292 in
825 1248 1047 1307 Religioni:
1075 1248 1196 1293 homo
1215 1249 1337 1293 vivit
1346 1246 1526 1306 parias,
1553 1246 1667 1292 cadit
1684 1246 2007 1306 rarias,fi1rgit
2028 1263 2103 1293 ve-

100 1290 304 1391 Zuaezfyt’
356 1312 504 1362 locius,
528 1312 685 1357 incedit
707 1304 898 1361 cautitis',
921 1315 1139 1358 irroratur
1162 1309 1460 1374 frequentias,
1487 1309 1661 1371 quiescit
1680 1309 1894 1367 senarias,
1918 1313 2104 1357 moritur

132 1360 196 1389 ου’
259 1359 326 1389 ar'
356 1373 651 1433 confidentids,
681 1385 893 1434 purgatur·
920 1376 1046 1421 cicius
1066 1411 1077 1425 ,
1112 1386 1413 1420 remuneratur
1441 1371 1665 1432 copiofizis:
1701 1373 1831 1421 hanc
1853 1373 1934 1422 ille
1956 1372 2103 1422 Phra-

99 1416 317 1469 gar.ep.7.
353 1439 620 1502 fiologiam
637 1437 902 1487 di&atorio
916 1439 1148 1487 mactavit
1165 1435 1415 1501 trisyllabo
1430 1454 1439 1484 :
1456 1451 1536 1481 non
1549 1448 1710 1487 teneor,
1727 1436 1942 1495 Confilium
1957 1437 2009 1490 est
2022 1436 2104 1484 Vo-

353 1505 465 1550 catio
481 1534 492 1553 ‚
514 1517 593 1547 non
618 1506 893 1560 Praeceptum.
962 1503 1040 1550 Sic
1066 1502 1150 1550 diu
1174 1499 1313 1549 elufit
1326 1499 1586 1548 Ariadnen
1607 1500 1868 1554 Divinam,
1889 1501 2102 1564 ignaruS,
2170 1519 2177 1524 ·

355 1563 499 1629 quod
522 1579 641 1612 cum
663 1566 860 1626 Superis
883 1580 1040 1612 nemo
1062 1564 1300 1614 hactenus
1327 1563 1487 1611 luserit
1506 1559 1730 1626 impune,
1753 1564 1875 1626 quin
1899 1564 2106 1612 tandem

355 1629 563 1694 ipsemet
592 1627 766 1676 misere
799 1627 1131 1676 deluderetur.
1233 1624 1563 1689 Philosophiae
1601 1625 1970 1674 condecoratus
2005 1628 2106 1674 lau-

358 1687 526 1743 reola,
554 1691 884 1739 vocationem
919 1688 1006 1738 sibi
1034 1705 1089 1737 ex
1113 1690 1290 1752 genio,
1312 1686 1366 1734 ut
1396 1699 1532 1735 amat
1553 1691 1879 1752 contingere,
1899 1689 2103 1738 fabrica-

358 1758 454 1806 vit:
492 1752 782 1802 Parentibus
806 1753 994 1801 arbitris
1010 1785 1021 1805 ,
1043 1751 1343 1807 Confiliarijs
1370 1765 1517 1799 carne
1533 1783 1545 1804 ,
1570 1753 1618 1799 δε
1643 1751 1866 1806 Mundo,
1888 1751 2106 1801 Suasori-

358 1819 450 1868 bus
471 1818 657 1865 amicis.
758 1817 891 1866 Hine
910 1818 996 1877 qui
1025 1817 1209 1864 Romae
1243 1815 1340 1870 jam
1363 1810 1656 1876 repudiasset
1682 1813 1864 1862 sacram
1888 1814 2106 1864 Pruden-

357 1885 482 1931 tiam
497 1913 509 1932 ,
530 1879 798 1944 profanam
820 1879 931 1934 juris
952 1880 1001 1925 in
1022 1875 1348 1926 Maceratensi
1372 1874 1653 1924 Academia
1677 1875 1910 1938 quaefivin
2010 1877 2108 1927 Sed

359 1960 469 2009 quae
499 1942 525 1992 a
545 1945 765 2002 Juvene,
787 1945 838 1990 in
859 1942 1068 2004 negotio
1099 1940 1302 1987 summo
1331 1938 1395 1986 sie
1418 1934 1743 1992 inconstanti,
1764 1943 1939 2004 sperari
1960 1939 2106 2005 possit

358 2004 665 2058 constantia?
701 2006 788 2068 qui
807 2007 990 2054 Romae
1022 2002 1254 2052 trinsabat
1281 2017 1398 2050 cum
1423 2002 1638 2065 Cygnis,
1662 2003 1926 2053 Maceratae
1949 2008 2107 2054 croci-

358 2073 494 2122 tabat
515 2085 633 2119 cum
658 2070 848 2118 corvis:
886 2069 971 2129 qui
991 2068 1173 2116 Romae
1199 2064 1504 2114 nutriebatur
1525 2067 1575 2112 in
1604 2069 1792 2115 croceis
1809 2101 1821 2122 ,
1842 2069 2108 2119 Maeeratae

360 2135 668 2198 amplexatus
696 2129 764 2180 est
787 2127 1027 2182 stercora5
1064 2145 1179 2177 nam
1194 2131 1323 2188 Juris
1335 2127 1654 2177 Prudentiam
1678 2125 1746 2176 est
1768 2131 1972 2193 quidem
1995 2146 2110 2195 pro-

359 2198 531 2251 feffus,
554 2197 635 2244 sed
658 2195 992 2257 frequentavit
1012 2189 1263 2241 stultitiam
1278 2225 1290 2245 ,
1318 2188 1501 2239 deserta
1524 2191 1746 2246 Pallade,
1769 2194 1958 2242 infame
1980 2196 2108 2245 scor-

363 2273 491 2310 tum.
559 2259 657 2308 Sed
677 2258 777 2307 sme
803 2257 991 2306 aemulis
1013 2255 1126 2304 huic
1150 2269 1309 2320 proco
1333 2254 1418 2302 diu
1441 2253 1533 2302 ess'e
1555 2270 1663 2302 non
1688 2256 1846 2304 licuit:
1884 2273 2001 2306 nam
2026 2257 2107 2307 ha·
2153 2286 2161 2289 s

364 2324 485 2375 bent
502 2322 604 2370 hoc
632 2323 798 2385 Lycea'
822 2319 1081 2383 Cupidinis
1097 2352 1109 2371 ,
1134 2332 1188 2367 ut
1208 2333 1469 2379 nunquam
1500 2317 1655 2365 dclint
1672 2320 1888 2368 Rivales.
1973 2322 2105 2371 Hinc

363 2386 484 2437 cum
508 2385 659 2434 noCte
678 2383 922 2446 quadam,
946 2381 1220 2446 Cynthiam
1249 2380 1384 2429 suam
1410 2381 1564 2429 adiret
1590 2380 1671 2431 hie
1696 2382 1945 2438 Latmius,
1970 2382 1996 2432 a
2020 2386 2105 2433 Ri-

363 2450 463 2500 vali
476 2447 637 2497 subito
658 2445 932 2499 confofl'us,
962 2446 1186 2493 concidit
1211 2445 1403 2492 infelix:
1443 2446 1516 2497 ὃς,
1538 2446 1678 2506 quod
1699 2447 1887 2494 mireris
1902 2480 1915 2500 ,
1937 2449 2102 2495 conci.

362 2513 436 2567 dit
466 2523 578 2565 ante
596 2522 801 2581 portam
832 2510 958 2563 illius
991 2505 1198 2563 Domus
1225 2506 1511 2572 Religiosae‚
1540 2521 1694 2571 quam
1716 2509 1895 2562 intrare
1921 2542 1934 2563 ‚
1958 2510 2100 2561 DEO

1855 2587 2040 2624 vocan-
