2177 2905
625 74 1034 161 Techgopbylacium
1059 75 1295 140 Phyficum.
1680 85 1776 137 227
1794 38 1799 41 ⁷

92 178 300 245 Nempe
318 178 555 227 Ars-Simia
577 175 632 232 est
657 179 847 226 Natum
873 213 885 230 ,
918 187 1129 241 utraque
1157 176 1335 230 miralin
1361 178 1550 225 minimis
1573 212 1587 230 ,
1623 175 1710 224 imb
1728 186 1842 223 tatu.

92 243 250 290 MEL:
317 244 358 293 E
376 240 667 305 Philosophi
687 242 913 307 Tripode
936 240 1038 290 hoc
1056 238 1252 291 hausisti
1274 241 1575 295 oraculum,
1594 240 1737 296 cuius
1761 251 1846 287 vc·-

92 309 292 356 ritatem
315 308 484 370 Magia
506 304 762 353 Technica
788 305 1021 359 sexcentis
1039 306 1157 354 facit
1176 305 1480 369 experientiis
1505 300 1842 352 manifestam.

93 369 235 435 Quid
255 372 307 419 in
328 371 522 419 Natura
547 369 816 438 mirabilius
833 369 1018 422 Coelo,
1041 371 1093 418 ὃς
1123 371 1268 417 cursu
1293 369 1554 418 Siderum?
1594 370 1647 416 ὃς
1671 379 1846 414 tamen
1879 339 2077 454 fii-“diffi·

71 481 73 483 .
95 431 201 481 haec
223 434 399 482 omnia
424 434 481 480 in
494 426 817 480 Archimedis
846 430 993 481 unica
1021 429 1322 496 sphaera-Ars
1344 442 1488 479 tanto
1519 431 1753 494 prodigio
1774 423 1846 475 cst
1917 403 2044 462 “scul·

14 529 16 532 f
93 497 311 550 imitata,
336 506 390 544 ut
414 509 594 543 omnes
623 497 859 545 omnium
889 495 1122 544 Siderum
1148 507 1347 549 motus,
1366 496 1623 542 intricatos
1652 491 1848 544 cursus,

91 558 304 623 eclypses
328 590 342 612 ‚
392 557 560 623 phases
583 586 598 607 ,
639 556 837 620 aliaque
858 554 1205 607 Astronomiae
1233 557 1593 608 Phoenomena
1613 551 1845 604 exastiffi·

92 619 178 670 me
203 621 591 686 repraesentaret,
628 621 770 669 nullo
794 621 1098 676 discrimine,
1121 620 1207 670 nisi
1238 621 1381 685 quod
1402 621 1595 670 Natura
1611 621 1663 668 in
1684 619 1848 667 imen-

78 684 146 732 'so
165 684 301 733 Coeli
323 683 687 749 hemisphaerio,
702 683 1038 733 Archimedes
1062 687 1113 733 in
1132 701 1290 749 parvo
1315 683 1507 749 sphaerae
1527 682 1813 746 hemicyclo
1826 697 1844 734 3

96 747 240 810 quod
260 748 341 796 illa
363 746 390 796 ὲ
415 748 701 812 longinquo
722 746 1001 802 obscurius,
1027 747 1109 796 hic
1132 752 1182 796 in
1207 751 1499 813 propinquo
1522 744 1696 794 clarius
1717 743 1849 794 exhi·

94 810 258 859 beret:
294 809 405 859 imo
428 813 594 859 multo
618 809 921 862 discrimine,
956 825 1077 859 nam
1097 810 1218 860 cum
1234 813 1484 861 Naturam
1501 813 1551 858 in
1563 809 1722 858 Coelo
1742 809 1849 871 sup-

95 873 263 936 pleant
281 873 637 937 Intelligentiae‚
661 873 882 922 rotando
901 874 1072 922 Sidera
1086 907 1098 928 ,
1119 878 1170 924 in
1190 872 1514 924 Archimedis
1535 871 1717 937 sphaera
1737 873 1850 921 solo

93 934 305 985 artificio
328 949 578 999 regantur.
667 936 808 1001 Qud
830 938 881 985 in
893 938 1095 986 Naturae
1107 938 1333 987 Theatro
1354 933 1512 1000 magis
1525 933 1848 1000 stupendum,

95 998 251 1061 quam
273 1011 503 1047 meteora
517 997 766 1048 coelestia?
803 1002 852 1050 ὅ(
874 1011 1045 1048 tamen
1057 1000 1156 1049 Ars
1179 1000 1402 1049 humana
1421 1001 1456 1049 fi
1479 998 1643 1048 minus
1663 997 1849 1062 assequi

97 1058 262 1126 potest
281 1063 556 1116 Naturam,
579 1063 747 1111 {altem
775 1062 1078 1126 ingeniosius
1098 1066 1335 1112 imitatur.
1420 1063 1673 1116 Fulmina,
1698 1073 1853 1125 atque

97 1127 319 1175 tonitrua
337 1125 487 1173 refert
513 1127 564 1173 in
582 1126 786 1189 pulvere
816 1128 988 1190 pyrio,
1009 1128 1134 1175 intra
1153 1125 1492 1175 bombardam
1524 1123 1762 1174 accenso:
1797 1126 1853 1173 in

94 1204 222 1237 auro
242 1188 558 1242 fulminante,
573 1193 633 1238 in
653 1185 838 1242 fistulis,
864 1188 1043 1251 quibus
1063 1189 1319 1238 Aurifabri
1344 1200 1619 1238 momento
1649 1187 1852 1237 solvunt

95 1252 324 1306 metalla,
349 1254 399 1301 ὅ(
424 1252 642 1314 denique
666 1254 716 1300 in
738 1251 972 1316 globulis,
993 1250 1124 1314 aqua
1143 1250 1333 1301 nitrosa
1351 1251 1560 1306 refertis,
1580 1254 1631 1302 ὃς
1651 1249 1850 1299 herme-

95 1310 192 1364 tice
216 1314 410 1369 elauris,
433 1317 519 1378 qui
540 1314 840 1364 carbonibus
867 1314 1114 1381 impositi,
1133 1315 1337 1365 terribili
1359 1330 1484 1364 mox
1503 1314 1703 1378 fragore
1725 1311 1851 1363 diffi-

96 1378 252 1426 liunt?
287 1378 408 1440 quid
437 1381 763 1428 communius
790 1378 918 1427 Iride
944 1412 957 1432 ,
988 1394 1076 1443 per
1110 1379 1343 1443 siphones
1372 1382 1425 1428 in
1452 1382 1566 1428 aere
1593 1374 1849 1426 formata?

98 1441 220 1502 quid
239 1441 567 1490 Archimimis
591 1439 660 1490 est
679 1441 910 1495 usitatius,
932 1441 1088 1504 quam
1111 1458 1169 1490 ex
1190 1442 1339 1491 tholo
1354 1442 1519 1490 ferreo
1542 1440 1854 1489 artificialem

96 1505 360 1552 demittere
388 1505 613 1567 pluviam
630 1538 643 1559 ,
666 1520 800 1567 quae,
825 1505 912 1553 ubi
939 1504 1143 1553 inferius
1179 1505 1408 1569 frigidior
1441 1520 1558 1553 aura
1589 1519 1676 1568 per
1703 1503 1852 1554 folles

96 1569 280 1625 cietur,
307 1582 429 1614 mox
454 1570 780 1632 crepitantem
800 1567 1135 1616 condensatur
1155 1569 1208 1616 in
1235 1567 1532 1631 grandinem
1567 1569 1584 1615 ἒ
1645 1568 1707 1616 Et
1733 1567 1853 1629 quia

101 1633 154 1679 in
172 1630 360 1694 pluvias
381 1631 557 1683 incidi,
581 1646 701 1693 quas
723 1642 898 1694 praeter
920 1632 1126 1679 Naturae
1149 1632 1384 1679 ordinem
1407 1629 1619 1678 effundit
1639 1625 1854 1680 coelestis

97 1692 388 1756 Amphora,
402 1690 598 1742 curiosa
617 1694 868 1757 digniores
887 1690 1138 1741 memoria
1161 1693 1373 1758 legimus
1391 1693 1667 1756 sequentes.
1748 1693 1855 1743 An-

99 1771 173 1804 no
186 1757 364 1806 Salutis
383 1770 517 1814 1510.
539 1757 590 1804 in
607 1756 917 1806 Lombardia
939 1755 1181 1819 lapidibus
1202 1756 1389 1820 pluisse,
1402 1772 1626 1820 quorum
1647 1757 1856 1805 unicum

105 1832 212 1865 120.
235 1819 368 1867 libris
389 1818 660 1883 appensum
676 1852 689 1871 ,
712 1815 946 1881 Regi'que
970 1821 1181 1870 Franciae
1207 1818 1541 1868 monstratum
1557 1852 1569 1873 ,
1592 1819 1853 1869 Cardanus

102 1878 172 1930 est
189 1881 415 1930 Author.
483 1883 664 1928 Ferreae
686 1881 862 1936 pluviae
887 1883 1118 1929 meminit
1130 1883 1329 1935 Plinius,
1344 1897 1500 1930 aureae
1516 1882 1850 1930 Ammianus:

84 1942 361 2007 sanguine,
386 1943 535 1996 lacte,
555 1945 719 1991 cinere
740 1975 752 1995 ‚
784 1941 1069 1995 frumento,
1096 1945 1250 1997 ranis,
1276 1944 1500 1992 muribus
1527 1944 1723 2008 pluisse,
1748 1959 1851 2008 pas-

101 2005 194 2057 fim
214 2006 434 2055 referunt
453 2006 555 2062 alij:
592 2004 797 2054 celebris
817 2001 885 2052 est
905 2020 1114 2072 quoq-5352
1133 2006 1314 2055 vitulus
1336 2004 1613 2057 Avicennae
1631 2025 1642 2057 3
1661 2007 1770 2059 imo
1797 2010 1850 2058 δε
1890 2012 1893 2014 ’

103 2071 270 2120 vetula
285 2103 298 2124 ,
317 2085 471 2132 quam
495 2068 742 2122 Mantuae,
762 2083 899 2118 anno
921 2070 1097 2132 prioris
1119 2068 1276 2118 saeculi
1301 2070 1505 2119 decimo
1528 2071 1715 2121 octavo
1730 2105 1743 2125 ,
1765 2086 1851 2136 per

102 2136 273 2184 a'e‘rem
297 2144 547 2198 portatam
561 2164 574 2186 ‚
597 2133 648 2180 in
669 2147 853 2194 campo
873 2131 1090 2194 denique
1104 2163 1117 2186 ‚
1137 2148 1246 2181 non
1266 2133 1442 2198 procul
1466 2133 1749 2183 afoenisecis
1770 2135 1853 2184 de-

107 2197 320 2263 positam
343 2197 568 2260 legimus.
637 2195 735 2245 Ubi
755 2193 902 2247 illud,
928 2196 1097 2249 velim,
1119 2196 1369 2250 advertas,
1391 2198 1531 2259 quod
1553 2199 1750 2246 Patrem
1769 2201 1853 2248 Fa-

105 2263 210 2316 bri,
229 2260 411 2311 Virum
433 2259 738 2315 Eruditionis
757 2254 903 2306 lau'de
922 2254 1254 2312 honoratum,
1273 2276 1380 2308 non
1403 2257 1663 2309 immerito
1684 2261 1856 2311 adver-

108 2329 192 2374 tit:
231 2324 469 2372 nimirum
491 2321 845 2385 Ephemerides
868 2320 1013 2385 saepe,
1040 2319 1097 2370 eft
1118 2320 1338 2379 licentia,
1359 2324 1438 2373 vel
1460 2323 1621 2371 auxefi
1645 2324 1858 2374 conscri-

110 2400 241 2453 ptas,
271 2397 324 2434 ut
348 2383 538 2449 Physlci
567 2399 676 2432 non
698 2381 811 2434 raro
843 2399 964 2432 cum
988 2381 1262 2448 Chymaeris
1285 2419 1298 2441 ,
1326 2387 1463 2436 velut
1493 2388 1618 2435 novi
1642 2387 1859 2438 Bellero-

114 2449 354 2516 phonteS,
376 2463 565 2512 magno
596 2447 796 2502 labore,
826 2447 969 2495 nullo
1000 2447 1164 2505 fruQu
1197 2450 1601 2514 congrediantur.
1703 2451 1860 2501 Subin

115 2513 217 2564 Ars
235 2512 432 2576 Magica
464 2510 713 2568 ejusmodi
742 2511 932 2562 format
945 2511 1106 2577 *Joves
1124 2512 1406 2576 Aquarios:
1458 2529 1567 2565 non
1596 2528 1861 2575 nunquam

938 2573 984 2624 G
1006 2589 1038 2638 g
1071 2587 1099 2620 2
1664 2579 1799 2627 venti
