2177 2905
708 51 904 137 Ariadne
932 86 1123 150 Phyfita.
1630 100 1723 151 177

38 173 227 228 *si-fides
243 207 257 230 ‚
281 174 535 226 Peruanos
559 171 676 224 fons
696 174 834 224 alluit
854 175 1041 226 calidus
1059 210 1072 231 ‚
1094 177 1231 236 cujus
1254 191 1382 243 aqua
1404 177 1606 230 duratur
1636 181 1687 228 in
1713 194 1792 229 ru-

40 257 177 307 pem,
200 243 251 290 &
275 240 585 289 exciditur‘in
604 237 822 292 aedificia,
844 239 1107 302 plusquam
1134 258 1448 293 marmorea:
1473 243 1537 292 fie
1562 246 1611 292 in
1632 244 1794 292 Dacia

39 302 236 370 Cepufij
259 304 391 353 unda
413 305 464 352 in
485 318 663 351 urceos
686 300 917 352 transfusa
933 339 945 354 ‚
973 304 1109 354 illico
1134 306 1323 369 rigescit
1343 309 1393 355 in
1413 307 1658 371 lapidem:
1681 303 1793 354 imo

39 368 308 416 scaturiunt
327 367 519 420 fontes,
539 369 624 428 qui
647 365 840 420 cuneta,
872 380 981 427 quae
1000 366 1262 423 hauriunt,
1287 385 1410 419 mox
1433 371 1483 417 in
1503 371 1608 417 saxa
1630 368 1794 417 obdu-

40 442 167 479 rant.
235 431 315 479 Sic
337 432 388 478 in
413 429 623 477 flumine
644 430 787 478 Anio
812 430 1023 478 cadaver
1045 432 1250 480 latronis
1282 432 1499 481 mei-sum
1524 432 1793 495 derepente
1826 445 2037 503 Plian,

38 494 275 558 obriguit,
303 487 612 554 tandemque
640 504 810 541 totum
833 490 1065 542 adinstar
1092 496 1250 545 Proeti
1269 496 1523 561 lapideum
1553 491 1622 542 est
1641 506 1794 542 extra-
1825 526 1860 556 ς,
1879 521 1984 565 103,

39 558 194 607 Ctum.
263 556 344 605 Sic
363 557 415 603 in
434 556 546 604 lacu
566 555 757 604 Velino
777 556 969 619 lignum
990 572 1114 606 mox
1134 558 1334 622 lapideo
1356 559 1628 608 obducitur
1647 559 1796 605 corti-

40 635 121 669 ee:
160 622 211 669 ὅ(
235 621 286 666 in
309 618 518 667 flumine
532 618 695 666 Silaro
717 632 826 666 non
851 617 1015 667 modo
1039 623 1270 670 immersa
1296 623 1524 686 virgulta,
1546 621 1626 669 sed
1647 623 1698 670 ὃς
1714 620 1795 670 fo-

39 683 104 732 lia
127 681 444 747 lapidescunt.
486 680 668 729 Similis
691 677 759 728 est
776 681 962 737 Coralij
977 684 1406 750 Metamorphofis
1430 681 1550 735 teste
1569 683 1792 738 ovidio:

323 778 390 822 Sic
415 777 473 823 &⁴
500 774 726 824 Coralium,
756 789 836 836 quo
849 774 1040 834 primam
1062 776 1242 834 contigit
1270 790 1396 821 auras
1822 788 1940 836 Met,
1965 797 2043 846 15‘
2068 808 2078 815 -

328 838 549 898 Tempore,
582 838 786 894 durescit:
822 838 953 882 mollis
967 835 1061 895 sitit
1083 838 1215 885 herba
1225 837 1304 895 fiaeb
1325 839 1459 886 undis.
1779 878 1782 880 .
1924 891 1927 895 s

170 901 367 952 LEUC:
437 900 505 951 Ut
530 899 709 952 video,
733 900 893 963 placet
915 899 1004 948 tibi
1034 900 1249 951 Nasonis
1273 901 1523 968 Calliope.
1606 900 1714 952 Cur
1740 917 1797 952 o·
1822 951 1829 956 .

44 967 197 1016 mittis
215 965 431 1013 aliorum
456 963 679 1011 fontium
699 961 953 1011 Paradoxa
971 963 1008 1011 P
1051 965 1208 1012 crica?

205 1026 218 1035 '
326 1028 543 1075 ,Admotis
558 1026 840 1072 Athamantis
864 1029 982 1087 aquia
1060 1028 1232 1073 cendere
1253 1027 1413 1087 lignum
1826 1047 1884 1093 L·
1910 1057 1927 1090 1
1942 1055 1983 1103 ς.

328 1091 588 1138 Narratur,
612 1090 808 1133 minimos
830 1088 923 1133 cam
947 1091 1070 1134 Luna
1088 1090 1243 1151 receffit
1258 1093 1302 1136 in
1318 1090 1465 1137 Orbes.
1828 1109 1946 1156 Met·

327 1149 531 1214 Qudque
550 1151 682 1209 magis
700 1152 880 1196 miram:
908 1151 1011 1206 finnt
1029 1155 1103 1214 qui
1119 1170 1198 1198 non
1224 1154 1398 1213 corpora
1420 1155 1608 1210 tannim,
1925 1212 1937 1215 A

332 1215 380 1263 V
372 1214 493 1261 emim
516 1217 677 1260 animos
701 1217 832 1259 etiam
852 1215 1030 1260 valeant
1046 1228 1215 1262 mutare
1240 1218 1440 1279 liquores.

333 1279 408 1324 cm·
428 1293 507 1323 non
525 1278 672 1322 audita
695 1275 748 1330 est'
768 1275 947 1333 obsbaenae
961 1279 1162 1333 Salmacis
1181 1280 1325 1328 unda?

337 1340 640 1403 AEthiopbsqae
657 1340 772 1386 lacus
773 1375 796 1407 ό,
819 1356 921 1402 qnos
934 1340 973 1400 fi
993 1344 1087 1405 quis
1105 1341 1304 1401 faucibus
1331 1343 1484 1404 hausit,

328 1407 427 1451 Aut
441 1401 561 1462 fitrit
575 1438 587 1454 ,
614 1415 691 1465 aut
707 1407 881 1463 patitur
907 1407 1063 1451 mirum
1074 1409 1302 1466 gravitate
1315 1407 1526 1468 soporem.

46 1490 296 1555 Nunquid
317 1489 567 1546 ejusmodi
589 1491 926 1552 experimenta
947 1491 1136 1556 sapiunt
1148 1494 1620 1560 Metamorphofin?
1655 1495 1800 1560 quod

48 1556 82 1604 si
107 1555 135 1604 a
155 1552 556 1619 Bellerophontis
581 1553 765 1617 ungula
798 1553 1049 1604 vindicare
1076 1557 1195 1605 velis
1230 1557 1324 1606 hos
1356 1559 1523 1607 fontes
1547 1593 1558 1613 ,
1593 1573 1800 1624 oportet

44 1618 249 1683 Sophos
278 1621 473 1665 ratione
491 1618 796 1664 convincas:
842 1632 952 1678 quae
983 1634 1092 1667 non
1120 1622 1340 1684 capiunt,
1367 1637 1476 1670 non
1498 1623 1672 1672 leviter
1694 1639 1800 1672 cre-

48 1682 191 1730 dunt.
289 1682 447 1728 MEL:
514 1678 948 1797 Apparrffiuod
971 1680 1026 1730 fis
1049 1678 1077 1731 ὲ
1100 1699 1318 1733 numero
1339 1685 1579 1739 illorum,
1619 1685 1798 1749 quibus

46 1744 347 1794 Authorum
368 1743 490 1792 fides
510 1741 647 1791 solai
737 1746 762 1796 ῗ,
823 1746 1052 1802 νεηεὼεε
1088 1747 1266 1809 quibus
1296 1761 1481 1798 natnrae
1510 1751 1637 1798 vires
1666 1765 1799 1799 cere-

43 1807 164 1855 belli
182 1807 418 1856 limitibus
440 1803 863 1868 constringuntur.
944 1809 1058 1872 Age
1076 1813 1146 1858 mi
1167 1811 1320 1864 bone,
1340 1815 1452 1874 quis
1475 1824 1524 1859 te
1545 1810 1799 1860 constituit

51 1871 256 1918 Naturae
273 1867 566 1929 Syndicnm‚
593 1880 774 1927 utquae
800 1885 907 1916 non
932 1873 1062 1932 capis
1084 1888 1260 1921 arcana
1276 1906 1288 1927 ‚
1326 1871 1351 1922 ὲ
1372 1877 1552 1937 Magiae
1571 1876 1798 1938 Hydrau-

51 1933 115 1982 lia
144 1944 246 1979 tam
278 1930 508 1978 audacter
537 1929 839 1993 proscribas?
889 1934 1009 1993 quid
1035 1936 1245 1996 apertius
1274 1939 1454 1984 virtute
1476 1937 1670 1985 seminis
1694 1940 1709 1986 Ξ
1745 1941 1798 1988 ὃς

50 2001 222 2045 tamen
245 1995 370 2043 illius
389 1994 569 2043 intuitu
587 1994 740 2041 totius
751 1994 934 2043 Africae
948 1996 1147 2044 Lumen
1168 2001 1438 2053 eaecutit‚ae
1458 1997 1642 2063 stupet:
1680 2001 1803 2060 confi-
1819 2003 1947 2080 *Aug
1987 2032 2031 2067 tr

57 2063 184 2111 ciera,
221 2058 398 2119 inquit,
412 2063 624 2106 virtutem
639 2059 768 2117 grani
790 2057 1012 2117 cujuslibet
1028 2061 1223 2116 seminis,
1260 2077 1409 2121 magna
1432 2067 1615 2126 quadam
1633 2081 1700 2111 res
1720 2064 1800 2118 est,
1834 2087 1859 2133 g
1903 2057 2052 2142 &2³50ss

55 2126 112 2172 (θ’
132 2125 284 2170 horror
305 2121 592 2179 confidet-anti.
693 2121 836 2184 Quid
855 2122 1049 2178 certius,
1064 2122 1218 2186 quam
1239 2124 1382 2187 quod
1408 2127 1585 2175 eadem
1603 2142 1660 2175 ex
1674 2142 1802 2189 aqua
1836 2121 1888 2192 αξ,
1949 2169 1951 2171 .

54 2199 160 2235 tam
181 2182 459 2234 mirabilem
479 2186 649 2248 sugant
672 2196 750 2233 tot
767 2187 994 2248 gramina
1020 2187 1307 2235 varietatem
1323 2221 1335 2240 ,
1372 2192 1420 2239 &
1440 2201 1609 2238 tamen
1632 2191 1803 2248 Basilii,
1841 2182 1963 2256 H'om
2003 2221 2027 2268 5

55 2247 171 2300 licet
189 2250 392 2311 Magni,
428 2249 530 2298 hoc
556 2250 788 2310 exiguum
809 2265 917 2298 non
945 2249 1120 2315 cepere
1152 2253 1356 2299 Naturae
1383 2248 1692 2316 mysterium.
1746 2256 1808 2303 Et
1841 2276 1883 2320 gn
1907 2245 1990 2319 he}
2034 2247 2045 2257 ⁸

56 2316 129 2361 tui
157 2312 334 2360 similes
360 2313 512 2361 Scioli
530 2344 544 2364 ‚
575 2311 683 2359 solo
714 2316 1004 2376 ignorantiae
1027 2315 1205 2377 clypeo
1229 2347 1242 2367 ‚
1279 2317 1503 2380 Magiam
1528 2318 1807 2366 naturalem
1993 2307 2004 2320 ’

57 2375 335 2430 debellent,
371 2376 699 2425 fundamenta
721 2379 772 2424 in
802 2378 1105 2442 experientiis
1135 2375 1394 2433 subruant,
1431 2374 1670 2443 susdeque
1703 2396 1809 2429 ver-

51 2450 162 2488 tant
186 2442 201 2488 ἒ
223 2441 425 2504 Apage!
501 2442 710 2490 Saniora
738 2440 800 2488 de
821 2451 868 2488 te
892 2440 1152 2505 praesumo.
1231 2441 1359 2492 Illud
1381 2455 1522 2496 tene,
1555 2444 1605 2492 in
1624 2445 1805 2506 Magiae

53 2503 340 2569 labyrintho
381 2503 484 2554 dari
515 2506 731 2558 exitum,
767 2503 852 2554 etfi
875 2505 1022 2554 lateat
1047 2506 1293 2570 Tyrones.
1394 2506 1569 2570 Atque
1591 2522 1654 2555 ne
1676 2509 1811 2571 peni-

942 2571 985 2618 Z
1613 2567 1691 2618 tus
1704 2580 1754 2618 te
