2160 2916
420 117 437 150 1
447 102 510 149 06
955 103 1087 164 Scylla
1123 108 1251 167 atque
1281 99 1520 164 Charybdis.

157 254 164 261 ·
341 201 479 245 nitum
494 229 507 249 ‚
539 198 702 260 inquit
726 196 1078 248 curiosissimus
1098 198 1401 263 Phonutgiae
1423 199 1668 263 Interpres
1684 232 1696 254 ‚
1720 211 1771 247 ut
1782 200 2008 265 quidquam
2029 203 2112 250 all-

90 253 301 307 Kmher-
335 263 405 306 ud.
475 262 670 310 Fatetur
692 262 900 323 ipsemet
918 296 931 316 ‚
969 260 1114 325 quod
1143 264 1278 309 miris
1309 260 1492 309 artibus
1523 262 1786 325 fugitivam
1808 265 2110 330 Nympham

90 315 173 363 LI.
199 317 255 363 Θ
271 316 301 363 l·
334 335 546 372 conatus
577 323 633 372 sit
660 323 821 374 sistere
845 359 858 377 ‚
894 326 976 374 sed
1009 324 1278 374 incass'um:
1331 327 1611 372 'nemorum
1655 325 1821 374 abdita
1853 324 2073 377 lustravit
2093 361 2108 382 ,

88 389 136 436 9·
154 389 201 437 P·
220 391 268 436 4·
333 387 544 436 vallium
564 389 666 436 ima
682 422 695 443 ‚
731 392 782 440 ὅ(
800 389 996 438 summa
1015 390 1279 436 montium
1301 383 1369 434 est
1395 386 1737 451 perscrutatus,
1760 388 1881 438 nihil
1904 406 2013 440 non
2034 394 2111 440 in-

87 440 280 512 lefitrg·
333 461 582 499 tentatum
603 452 819 516 reliquit,
833 451 914 500 sed
936 453 988 499 in
1006 466 1213 500 vanum.
1260 451 1399 500 Nam
1423 448 1478 497 ut
1493 450 1554 497 de
1574 450 1621 498 se
1641 453 1654 498 i
1692 452 1870 502 semet:
1896 454 1993 499 dum
2011 470 2106 500 eam

86 505 270 563 antverfi
324 513 552 576 persequor
573 512 695 574 fugit
717 534 730 561 .·
766 517 864 561 dum
886 512 1009 573 fugio
1025 514 1293 576 persequitur
1311 531 1324 558 .·
1362 514 1460 558 dum
1482 512 1631 560 blande>
1668 531 1824 577 oquor,
1847 515 1995 562 blande?
2015 517 2103 562 elu-

333 578 399 623 dit
419 596 432 621 .·
468 578 567 623 dum
588 579 715 625 valde
733 580 868 625 clamo
891 613 904 628 ,
941 577 1054 640 quasi
1072 613 1084 628 ,
1117 575 1275 636 affitclis
1299 574 1385 636 fibi
1400 575 1576 622 vocibus
1609 578 1774 632 adscitis
1803 612 1816 630 ‚
1851 596 1976 625 voces
2009 596 2103 625 con-

325 643 521 699 geminat
539 673 553 693 ,
589 643 733 687 cedere
759 641 890 699 nescia
920 659 932 685 .·
959 639 1134 697 subinde
1154 641 1296 686 veluti
1315 638 1649 698 indignabunda,
1681 642 1905 702 responfiaem
1933 644 2097 699 aversc'z,

325 701 592 762 subterfugit
607 739 621 755 ,
651 720 947 767 nonnunquam
976 704 1031 749 ad
1055 720 1183 749 unum
1200 701 1380 749 verbum
1394 739 1406 755 ,
1419 704 1683 762 garrulitate
1700 705 1871 763 penitus
1889 705 2097 761 insblenti,

332 767 473 812 decem
507 767 595 812 alia
629 765 851 826 refundit:
898 768 975 813 hac
1015 769 1235 813 varietate
1258 766 1360 827 saepe
1391 766 1527 822 illusus
1548 799 1561 820 ‚
1591 783 1697 812 nunc
1732 768 1960 822 cantibus}
1994 785 2102 814 nunt:

335 827 624 882 instrumentis
647 830 808 888 musicis
823 828 1129 891 fitgaciffimam
1139 829 1299 889 fistere,
1320 828 1525 892 modisque
1553 828 1744 876 omnibus
1763 832 1939 890 placare
1979 847 2101 877 cona-

332 903 404 938 tus
424 892 553 949 fi1m;
578 892 651 950 fied
673 896 746 941 illa
765 893 900 954 sylvis
928 892 1110 951 affitetu,
1147 896 1333 940 cicurari
1364 894 1496 949 nescia
1530 928 1543 944 ,
1581 907 1753 938 conatus
1790 910 1931 939 omnes
1960 893 2095 952 elufit.

336 956 417 1004 Sic
442 955 550 1004 ille:
583 971 646 1004 en
665 972 847 1022 vagam
868 957 1100 1004 indolem
1126 957 1135 1004 Β
1182 954 1323 1004 citius
1357 956 1514 1004 crcdo
1546 958 1860 1005 Mercurium
1889 956 2064 1021 figeres
2084 989 2100 1012 ,

332 1017 490 1082 quam
517 1018 647 1068 hanc
681 1021 886 1069 Deam:
939 1019 1021 1067 scd
1043 1019 1250 1082 fugitiva
1289 1014 1433 1073 licet,
1471 1023 1520 1069 ὃ(
1556 1021 1700 1067 omni
1741 1019 1926 1068 Partho
1959 1020 2099 1070 velo-

332 1083 441 1130 cior
460 1115 473 1135 ‚
509 1082 839 1147 Philosophiae
854 1094 1026 1130 tamen
1053 1082 1233 1130 oculos
1253 1082 1426 1146 fugere
1454 1085 1652 1144 nequit,
1677 1096 1827 1145 atque
1852 1082 2095 1147 effugere:

337 1144 525 1209 detegit
547 1143 636 1194 ista
666 1148 843 1196 nativis
866 1145 1062 1194 latebris
1091 1145 1274 1194 testam
1301 1178 1314 1199 ‚
1348 1149 1396 1196 &
1429 1148 1553 1194 eruit
1585 1149 1910 1210 proprietates
1934 1180 1948 1202 ,
1985 1157 2097 1195 utut

331 1209 385 1256 in
402 1210 515 1257 imis
541 1208 853 1258 absconditas
872 1210 1107 1258 cavernis.
1178 1211 1317 1259 Nam
1342 1207 1368 1257 ἐι
1386 1207 1697 1271 Philosopho
1721 1210 1900 1257 edoCm
1922 1243 1934 1263 ‚
1971 1224 2095 1257 con-

335 1268 516 1321 stanter
548 1284 709 1327 tenet,
738 1271 884 1336 quod.
907 1272 1051 1321 Echo
1075 1284 1196 1320 tunc
1225 1273 1473 1320 animetur
1503 1305 1516 1325 ‚
1552 1272 1673 1321 cum
1703 1272 1852 1321 sonus
1888 1274 2095 1321 incurrit

332 1337 387 1385 in
410 1351 594 1401 corpus
618 1337 740 1385 laeve
770 1339 820 1385 ὅς
843 1351 1132 1384 concavum
1159 1369 1172 1388 ‚
1209 1336 1292 1384 ubi
1313 1368 1326 1389 ,
1362 1336 1468 1399 pila:
1490 1332 1636 1383 instar
1658 1336 1872 1400 repulsus
1894 1372 1907 1387 ‚
1944 1335 2092 1384 resilit

330 1401 384 1448 in
402 1415 578 1448 aurem
607 1416 617 1447 ε
655 1414 712 1447 ex
736 1414 842 1462 quo
862 1402 943 1448 sua
963 1399 1139 1463 sponte
1171 1398 1270 1454 jam
1302 1397 1465 1447 fluunt
1494 1398 1840 1453 conditiones,
1870 1414 1991 1461 quas
2019 1414 2092 1447 re-

326 1462 466 1527 spicit
490 1460 629 1512 1.mo
652 1463 861 1526 quidem
887 1477 1069 1526 corpus
1091 1460 1383 1525 oppositum
1413 1460 1565 1508 debet
1587 1460 1706 1515 effe,
1738 1462 1801 1510 ad
1833 1462 2016 1510 sonum
2043 1478 2092 1510 e-

329 1523 470 1582 jusve
493 1526 673 1591 species
695 1525 1047 1578 remittendas,
1069 1526 1263 1570 idoneum
1287 1520 1407 1572 2.do
1426 1540 1678 1577 concavum,
1701 1537 1755 1572 ut
1780 1524 1962 1575 sonum
1983 1525 2092 1574 col-
2151 1538 2154 1539 ’

328 1589 471 1653 ligat:
518 1590 912 1650 phonocampticum
941 1587 1024 1636 seu
1054 1586 1347 1637 reflexivum
1376 1622 1390 1638 ‚
1426 1589 1477 1636 δί
1522 1585 1556 1634 si
1591 1587 2092 1637 Conimbricensibus

327 1651 452 1702 fides
474 1686 486 1706 ‚
523 1653 695 1714 aliquo
717 1652 876 1701 modo
898 1652 1116 1715 politum
1143 1668 1152 1697 :
1189 1651 1410 1712 requitur
1443 1647 1542 1707 3.io
1566 1662 1697 1698 certa
1730 1647 1954 1698 distantia
1985 1683 1999 1705 ‚
2034 1653 2089 1701 in

329 1730 429 1828 <pia
461 1715 839 1764 determinanda
876 1714 1071 1780 ipsimet
1104 1712 1364 1763 Authorcs
1403 1715 1530 1762 inter
1564 1712 1658 1763 sese
1704 1710 1987 1778 longissime
2019 1714 2090 1765 di-

328 1780 347 1829 1
373 1791 473 1829 ant.

487 1842 686 1894 LEUC:
722 1839 803 1892 Est
826 1858 985 1892 unum
1009 1844 1057 1892 ὅ(
1080 1842 1291 1891 alterum
1316 1854 1541 1892 erotema
1560 1875 1573 1896 ‚
1594 1840 1874 1906 quodmihi
1893 1842 2090 1907 scrupu-

329 1908 437 1956 lum
460 1925 471 1955 :
507 1907 559 1956 id
582 1922 869 1971 proponere
899 1905 933 1955 fi
958 1922 1045 1971 per
1067 1919 1116 1954 te
1135 1907 1279 1955 liccat
1298 1938 1310 1960 ‚
1347 1921 1520 1954 aurem
1539 1905 1895 1954 commodabo
1916 1938 1929 1959 ‚
1952 1907 2093 1956 velut

327 1972 394 2020 ad
414 1972 680 2019 oraculum
704 1969 1030 2035 Delphicum.
1102 1969 1241 2037 Qid
1263 1970 1411 2018 causae
1432 1966 1618 2022 subest,
1648 1966 1792 2032 quod
1820 1968 1963 2018 Echo
1987 1970 2089 2034 ple-

330 2049 550 2096 rumque
580 2048 690 2081 non
717 2032 805 2081 nifi
827 2031 1015 2097 perfida
1034 2031 1089 2080 sit
1111 2032 1388 2082 verborum
1413 2033 1650 2096 interpres
1669 2063 1683 2085 ‚
1720 2030 1838 2080 cum
1877 2047 1987 2080 non
2012 2048 2088 2081 re-

327 2098 482 2150 ferat,
513 2096 601 2145 nisi
630 2112 783 2144 voces
810 2108 896 2144 aut
928 2097 1200 2150 mutilatas,
1227 2099 1382 2144 autin
1404 2095 1588 2143 ultimis
1617 2094 1805 2159 syllabis
1837 2094 2048 2144 inversas
2070 2129 2085 2151 ‚

323 2163 376 2211 ὃ(
405 2159 753 2225 imperfectas?
788 2158 822 2207 fi
851 2160 1061 2208 clames:
1098 2173 1192 2205 tace
1211 2160 1441 2220 Nympha,
1478 2172 1615 2205 tecum
1647 2174 1727 2204 non
1747 2160 1978 2222 colloquar:
2015 2159 2085 2207 di-

324 2224 497 2272 cacula
526 2235 740 2288 reponet
770 2224 934 2286 loquar.
989 2225 1097 2272 Fuit
1111 2221 1251 2272 Echo
1271 2220 1703 2287 polyphona‚quae
1725 2223 1776 2270 in
1799 2222 1986 2270 eodem
2007 2223 2085 2271 lo-

324 2301 393 2334 co
416 2283 584 2340 stanti,
608 2283 858 2335 continuo
884 2286 1022 2334 aliter
1038 2320 1049 2339 ‚
1073 2280 1311 2349 aliterque
1334 2285 1589 2349 respondit
1612 2303 1623 2331 :
1658 2284 1693 2334 fi
1719 2282 1972 2333 clamasses
1987 2303 2000 2337 5
2027 2287 2085 2334 ti-

325 2348 378 2397 bi
400 2347 522 2398 vero
546 2362 704 2413 grates
724 2365 971 2413 reponam
1004 2365 1111 2412 quo
1139 2351 1319 2396 clamore
1348 2350 1363 2396 ?
1398 2363 1522 2396 mox
1550 2347 1871 2413 respondisset
1907 2364 2079 2401 amore,

327 2428 462 2464 more,
484 2429 577 2465 ore,
598 2430 658 2458 re.
739 2415 893 2458 MEL:
933 2415 1003 2461 Ita
1031 2409 1130 2461 est:
1169 2408 1419 2460 ordinaria
1452 2412 1561 2475 lege
1583 2412 1864 2476 corrumpit
1892 2411 2043 2461 verba
2064 2445 2080 2466 ‚

325 2489 422 2524 nec
443 2473 528 2523 nisi
551 2475 733 2523 ultimis
762 2474 950 2538 syllabis
969 2475 1126 2524 inhiat
1147 2476 1480 2539 pantomima.
1549 2476 1620 2523 Ea
1645 2473 1810 2523 forsan
1831 2471 1901 2522 cst
1923 2476 2079 2528 ratio,

324 2535 472 2600 quod
493 2537 643 2590 sonus
664 2553 722 2591 ex
739 2537 871 2593 labili
884 2572 898 2600 2
920 2540 1037 2612 quia
1058 2542 1200 2592 aerea
1215 2537 1406 2597 indole,
1425 2553 1514 2604 per
1534 2550 1695 2602 partes
1725 2533 1974 2650 colngntuo
2010 2536 2080 2587 di-

1805 2616 1830 2649 a
1869 2615 1895 2652 a
1921 2615 2009 2653 ur:

79 1171 220 1222 l.2.de
232 1187 302 1219 an:

75 1251 118 1284 c„
139 1238 300 1286 8.text.
