2222 2905
601 77 874 139 Maufhlaeum
897 80 1254 144 Peripateticum.
1701 136 1704 137 γ
1746 85 1813 144 11

98 187 310 241 quoque
338 171 603 224 memoriae
633 208 648 225 ‚
684 172 957 240 collapsam
986 173 1050 225 de
1075 189 1223 225 novo
1253 174 1405 223 erexit
1427 174 1517 225 Sta
1552 173 1720 229 irams
1752 172 1873 227 Imo
1911 202 2070 255 Mure.

90 241 192 303 phos
204 240 251 297 fi:
271 236 423 286 debere
433 234 662 289 'Aristoteli
682 235 737 290 es}
753 234 957 297 profeffiis
977 272 990 288 ‚
1025 236 1053 284 ὰ
1080 253 1160 300 quo
1195 239 1389 285 eruditus
1410 271 1424 293 ,
1459 254 1588 301 quam
1606 239 1871 299 Philos'opho,
2046 233 2072 251 ⁴*

96 303 126 350 ὰ
145 319 227 367 quo
246 303 417 362 genitus
427 296 588 358 fuissit.
657 301 720 349 Et
742 314 807 348 ne
825 299 998 365 elogiis
1016 298 1304 354 solumodo
1316 313 1481 365 gratus
1497 300 1612 350 ess'et
1630 305 1680 353 ὅ(
1702 302 1872 352 libera·
1915 281 1988 379 εἷς

54 381 60 388 ·
95 367 157 417 lis
185 398 198 420 ‚
234 365 429 428 aliquot
448 361 725 424 hominurn
748 364 930 418 millia,
966 365 1020 413 in
1048 365 1203 413 totius
1222 364 1425 414 Graeciae
1460 397 1475 419 ,
1530 361 1766 429 Afiaeq'ue
1786 378 1881 415 tra·
1967 346 2042 392 '3’

94 429 181 480 stu
200 461 223 484 ‚.
249 427 376 477 illius
408 425 620 475 adorare
643 423 772 483 juffit
810 427 1047 491 imperia,
1068 428 1310 476 omnium
1325 426 1536 482 scilicet,
1558 443 1660 492 quos
1676 441 1874 481 venatus,
1915 459 1992 506 Pl·
2027 460 2039 470 .

96 493 279 551 aucupia
297 522 311 545 ‚
323 487 592 552 pistatdsque
618 487 791 536 alebant
821 507 835 535 .·
871 487 1099 553 quibdfilue
1119 492 1300 537 vivaria
1329 522 1343 546 ,
1378 503 1575 537 armenta
1593 525 1608 542 ,
1649 492 1875 545 alvearia,
1973 475 2059 572 {a}

90 554 258 617 piscinae
274 589 289 605 ,
326 554 501 600 aviaria
521 564 647 599 erant
658 554 710 598 in
728 568 854 604 cura,
883 568 986 617 quos
994 553 1305 614 percunilando
1320 555 1628 617 quinquaginta
1646 552 1791 612 fbrmf?
1799 572 1877 602 vo-
1913 537 2028 634 '‘⁸1‘6
2054 557 2070 570 ⁶

94 617 352 664 luminailla
364 616 641 677 praclarade
670 614 928 663 animalibus
947 617 1162 663 condidit.-
1197 618 1279 666 cui
1299 615 1464 666 labori
1495 616 1785 681 ostingenta
1808 630 1878 669 ta·-
1908 600 1950 634 ‘⁶‘
2031 620 2046 637 '

94 680 232 730 lenta
253 712 267 734 ‚
303 678 407 729 hoc
447 675 516 727 est
532 677 729 728 Budaeo
751 674 898 733 teste,
935 678 1299 744 quadringenta
1317 679 1583 744 octoginta
1603 693 1878 735 aureorum

93 743 252 794 millia
281 739 642 793 liberalissimus
664 741 955 792 Alexander
977 744 1030 791 in
1059 742 1283 808 sumptus
1309 742 1617 808 transcripsit.

160 806 360 858 LEUC:
396 803 850 859 Praeclarum2haud
862 802 1014 855 dubie
1025 807 1290 860 minervaL
1310 806 1454 869 quod
1467 839 1480 860 ‚
1493 805 1678 861 nescio,
1698 822 1762 856 an
1773 822 1878 858 ma·-

97 866 174 935 gis
195 868 530 919 commendet
540 868 890 918 liberalitatem
901 868 1141 935 Discipuli
1155 902 1168 923 ‚
1181 885 1247 919 an
1258 866 1680 934 meritaMagistri.
1715 873 1876 919 MEL:

99 929 170 982 est
189 946 409 995 utroque
426 931 760 997 condignum.
826 931 1156 988 SedfinioSta
1191 934 1313 983 'iritae
1333 934 1517 987 vitam,
1549 947 1705 996 quam
1718 933 1801 983 ille
1816 933 1878 985 fi-

99 992 194 1046 niit
214 1011 354 1045 anno
378 997 529 1045 aetatis
550 993 852 1060 sexagesimo
873 997 1041 1045 tertio.
1168 1012 1254 1045 am
1274 995 1574 1047 Alexandro
1596 997 1648 1045 in
1658 995 1878 1048 Perfiam

100 1058 361 1125 profesto,
395 1054 692 1109 Aristoteles
703 1058 934 1109 Athenas
948 1057 1137 1109 secessit
1152 1092 1165 1113 ‚
1189 1059 1275 1110 ubi
1291 1061 1523 1122 Lyceum
1544 1056 1876 1124 arMagistratu

99 1134 374 1187 acceperat.
442 1124 571 1172 Non
590 1122 660 1170 illi
689 1122 803 1171 data
824 1124 1019 1186 epomis
1049 1155 1062 1177 ‚
1094 1122 1181 1172 sed
1211 1123 1384 1188 potius
1418 1125 1456 1171 is
1483 1121 1611 1171 datae
1647 1125 1877 1188 epomidi

99 1185 238 1234 dedit
257 1184 577 1250 splendorem
600 1203 611 1233 ε
647 1200 770 1233 nam
797 1187 974 1249 apertis
997 1185 1174 1234 scholis
1196 1200 1325 1235 mox
1353 1185 1879 1237 celeberrimamssPeri-

136 1250 439 1297 ateticorum
457 1248 638 1298 sectam
661 1244 867 1298 instituit
894 1281 908 1302 ‚
941 1247 1008 1297 fic
1038 1248 1224 1297 distam
1242 1281 1258 1303 ‚
1290 1245 1441 1312 quod
1461 1248 1633 1313 uglobo
1671 1248 1878 1316 discipu-

121 1326 273 1360 orum
303 1310 520 1365 emistus,
555 1309 821 1375 disputaret
840 1310 1234 1361 inambulando.
1327 1311 1435 1361 ,Sed
1463 1327 1582 1362 non
1600 1311 1691 1363 diu
1709 1315 1877 1364 tenuit

101 1373 208 1425 hoc
222 1370 478 1439 ,fastigium
496 1374 667 1437 gloriae
688 1391 708 1419 ..·
744 1375 930 1438 quippe
948 1370 1063 1438 post
1084 1373 1362 1424 Alexandri
1390 1374 1494 1425 fata
1516 1408 1529 1430 ‚
1568 1374 1690 1427 cum
1716 1392 1877 1426 „aemu-

100 1438 275 1487 lorum
294 1433 633 1501 invidiaapud
649 1435 1069 1502 Hierophontem
1085 1436 1291 1495 ,Iudicio
1318 1434 1659 1506 postularetur
1680 1473 1694 1494 ‚
1730 1438 1881 1502 quod

98 1500 339 1551 Deorum
361 1499 684 1548 multitudine
705 1495 943 1549 damnata
962 1533 976 1555 ,
1012 1516 1176 1550 unum
1211 1499 1437 1550 affereret
1455 1534 1468 1556 ‚
1498 1501 1702 1553 «cambam
1715 1500 1844 1552 ..dixit
1859 1538 1877 1556 ‚

100 1566 154 1615 ὃς
174 1577 299 1612 mox
319 1560 621 1612 Chalcidem
645 1595 659 1618 ,
693 1564 977 1628 spontaneo
994 1563 1046 1613 se
1064 1560 1362 1614 nostracismo
1383 1564 1631 1615 damnans
1653 1599 1666 1620 ‚
1701 1566 1878 1632 profu-

100 1628 199 1691 git,
222 1638 453 1675 metuens
473 1658 486 1680 ,
506 1640 579 1674 ne
602 1626 820 1676 Socratis
843 1627 1097 1692 exemplo,
1131 1626 1263 1677 hanc
1289 1626 1362 1677 ob
1379 1628 1583 1678 causam
1618 1629 1880 1686 damnati,

101 1689 271 1739 eidem
312 1691 363 1739 δε
386 1688 484 1754 ipse
515 1688 626 1740 fato
643 1688 994 1739 succumberet
1022 1706 1041 1738 τε
1079 1690 1377 1740 Gloriosum
1408 1692 1612 1742 exilium
1633 1726 1647 1747 ‚
1682 1691 1719 1742 fi
1740 1694 1841 1743 vita
1859 1725 1878 1748 ‚

100 1750 317 1816 finisque
333 1752 519 1801 melior
549 1750 826 1801 acceffiffet.
896 1752 1140 1803 Chalcide
1151 1753 1373 1804 secundo
1396 1754 1458 1804 ab
1470 1754 1746 1805 Alexandri
1769 1755 1880 1805 obi-

100 1828 157 1867 tu
175 1831 277 1866 ann
377 1841 380 1844 ·
414 1815 448 1865 d
467 1817 646 1864 mortis
668 1814 892 1864 confinia
912 1831 1032 1865 eum
1052 1817 1266 1867 morbus
1291 1817 1579 1867 deduxerat.
1648 1820 1878 1869 Mor-ien-

101 1890 211 1928 tem
227 1877 293 1928 cil
374 1874 1000 1943 circumstantesDiscipuli
1024 1892 1263 1942 rogarent
1299 1912 1313 1934 ,
1358 1882 1438 1929 cui
1463 1882 1695 1945 Lyceum
1734 1881 1879 1931 relin-

102 1953 281 2006 queret
300 1974 315 1996 ‚
349 1937 705 2006 Theophrasto
728 1940 917 1990 Lesbio
939 1973 953 1996 ‚
987 1957 1052 1990 an
1070 1942 1390 1992 Menedemo
1417 1943 1634 1993 Rhodio
1653 1942 1881 1995 Philoso-

103 2004 258 2071 p'his?
292 2005 418 2055 vino
436 2004 574 2052 labra
592 2003 851 2055 admovit,
885 2000 1148 2067 libatoque
1168 2005 1383 2061 Lesbio,
1417 2003 1765 2070 Rhodioque:
1788 2008 1881 2067 ᾔκ-

103 2068 283 2116 cundum
301 2066 355 2123 est
381 2101 395 2123 ‚
429 2068 593 2130 inquit
628 2101 642 2122 ‚
678 2067 894 2115 Rhodium
920 2103 934 2120 ‚
962 2067 1036 2125 fini
1048 2070 1277 2129 jucundius
1307 2067 1520 2130 Lesbyum
1553 2087 1565 2118 ε
1602 2084 1710 2133 quo
1739 2070 1881 2121 disto

105 2127 758 2202 praetulitheophrastum.
857 2130 1095 2180 Tandem
1121 2134 1173 2182 ὅ(
1210 2132 1309 2197 ipse
1346 2133 1455 2181 fatis
1503 2131 1782 2188 concessit,
1814 2134 1880 2183 de

107 2193 435 2243 causamortis
455 2227 470 2249 ‚
505 2193 805 2245 variantibus
836 2195 965 2243 inter
981 2193 1077 2243 sese
1121 2191 1391 2245 historicis:
1426 2211 1549 2245 nam
1588 2195 1663 2255 alij
1693 2196 1879 2246 dolore

109 2257 406 2307 confestum
436 2256 655 2306 scribunt
683 2290 698 2312 ,
734 2254 880 2321 quod
925 2257 1123 2307 causam
1160 2260 1331 2324 Euripi
1362 2291 1376 2313 ,
1418 2260 1598 2309 novies
1645 2259 1879 2322 quotidie

109 2320 462 2384 reciprocantis
485 2353 498 2375 ,
533 2319 718 2383 assequi
737 2335 848 2369 non
866 2319 1027 2386 pofl'ct
1050 2338 1061 2369 ε
1097 2321 1174 2379 ah'j
1201 2318 1383 2370 hausto
1410 2337 1615 2373 veneno
1643 2355 1659 2376 ,
1694 2323 1769 2381 alij
1788 2322 1877 2374 vis-

110 2395 287 2436 cerum
310 2382 492 2434 dolore
511 2383 873 2448 consumptum
896 2395 1089 2457 putant,
1159 2384 1423 2454 Qudquid
1433 2384 1492 2436 fit
1509 2419 1522 2442 ‚
1542 2386 1779 2457 Stagiritae
1791 2385 1876 2435 sci-

113 2445 302 2560 eniiatm
315 2444 648 2514 Philosophus
664 2446 835 2502 laudet
861 2480 878 2508 2
913 2460 1071 2502 vitam
1089 2463 1201 2503 non
1222 2451 1416 2516 cupiat,
1449 2451 1560 2505 vitae
1583 2453 1744 2503 linem
1764 2463 1878 2502 non

109 2523 180 2576 ΟΡ
205 2523 230 2561 ⁶
259 2544 274 2567 '⁴
1024 2573 1076 2630 e
1610 2573 1813 2633 Ltus:
1873 2620 1881 2634 ,
