2177 2905
0 256 25 271 h.

727 64 925 155 Ariadne
943 76 1132 140 Phyficae.
1658 96 1678 131 x
1689 85 1742 134 81

69 170 270 222 ternum
287 168 474 226 salvom
504 166 619 222 licet
635 171 832 237 lingulis
841 172 1128 223 Gratiarum
1152 181 1339 224 certam
1359 176 1603 238 paraverit
1620 176 1812 234 seriem,

66 249 223 298 quam
247 234 281 284 fi
303 233 460 286 vestra
481 252 590 285 non
619 237 784 286 turbet
807 236 1064 290 voluntas,
1085 235 1327 286 infallibili
1348 241 1438 290 filo
1452 273 1466 294 ,
1492 256 1585 290 vos
1608 240 1670 290 ad
1689 242 1812 291 Coe·
1852 260 1857 265 ·

65 299 174 349 lum
205 300 448 354 deducet,
465 314 575 348 non
594 312 765 348 tamen
787 300 1017 364 quemvis
1044 314 1132 364 per
1158 306 1388 363 quamvis
1418 306 1577 358 viam,
1596 301 1813 368 vitaeq'ue

64 358 249 412 statum
273 363 503 412 deducet.
571 362 808 412 Efficaces
827 364 1021 428 gratias,
1041 362 1337 424 quibusdam
1354 378 1559 430 paratas,
1579 366 1643 416 s1c
1665 379 1808 417 certo

66 422 238 480 statui,
269 422 483 489 vitaecjue
514 427 799 476 conditioni
829 427 1025 491 alligare
1048 426 1225 478 DEUS
1254 429 1538 484 consuevit,
1559 442 1614 479 ut
1641 429 1811 495 fipru-

66 488 226 537 dentis
246 488 614 539 deliberationis
633 489 846 543 defectu,
894 489 1108 538 raefixam
1121 490 1184 539 ad
1195 491 1406 540 Coelum
1428 494 1578 544 viam,
1600 493 1681 545 vel
1701 508 1811 542 non

64 552 361 614 agnoscant,
381 552 462 601 vel
490 554 708 614 agnitam
741 569 858 616 amp
882 553 971 601 ceti
996 554 1272 617 negligant,
1292 551 1485 618 suoque
1503 558 1655 619 genio
1690 572 1810 605 con-

28 672 33 673 ,
63 614 288 664 formem
317 615 500 679 eligant
527 610 665 672 male
689 616 926 676 consulti,
957 619 1008 664 in
1035 631 1090 664 ea
1112 617 1324 679 ‘quidem
1347 619 1514 667 salvari
1546 631 1810 683 poterunt,

63 678 247 727 infelici
266 690 437 726 tamen
449 679 569 726 Fato
589 692 698 725 non
726 678 1057 726 salvabuntur.
1160 681 1298 728 Nam
1318 680 1434 730 cum
1459 683 1655 731 Divinae
1679 685 1809 732 circa

61 737 110 788 se
131 740 460 789 Providentiae
486 739 629 789 filum
656 737 942 805 improvide
961 744 1208 803 ruperint,
1230 746 1548 807 permittente
1570 746 1811 800 Coelo,in

63 805 231 867 gravia
249 803 484 852 labuntur
505 803 708 857 scelera,
728 802 983 866 gratiaque
1011 805 1147 854 finali
1166 806 1424 861 excidunt,
1446 810 1495 857 ὃς
1520 809 1662 870 quod
1687 824 1809 857 eon-

63 868 286 927 sequens,
303 864 494 915 coelesti
509 866 844 920 Beatitudine,
865 882 951 929 per
975 866 1109 916 suam
1136 870 1335 934 culpam
1361 871 1603 918 aetcrnum
1630 872 1807 925 miseri,

62 928 349 992 spoliantur.
420 931 539 977 Haec
564 930 826 977 Sententiae
846 931 1166 992 Gregorianae
1183 931 1482 997 paraphrasis
1504 949 1613 982 non
1636 931 1663 983 ὲ
1683 949 1806 982 meo

62 992 267 1054 ingenio
282 1023 295 1044 ,
313 992 394 1039 sed
416 988 442 1039 ὲ
460 994 634 1041 Divini
654 989 858 1056 Spiritus
878 1008 1040 1055 penna
1063 992 1227 1048 fluxit,
1250 996 1373 1043 dum
1402 995 1503 1045 hoc
1521 998 1602 1045 ille
1618 997 1801 1062 Sophis
1905 1046 1909 1047 ⁷

60 1053 416 1119 proverbium:
467 1057 652 1106 vocavi,
688 1058 741 1102 &
764 1055 956 1107 renuistis
974 1091 988 1107 ,
1013 1057 1243 1118 despexzstis
1260 1074 1378 1104 omne
1401 1059 1611 1117 confilium
1636 1077 1799 1114 meum,
1824 1055 1962 1100 Prov·
1980 1061 2023 1100 1·

60 1118 84 1175 (
106 1117 314 1166 observa
335 1116 601 1165 consilium
619 1115 642 1172 )
678 1131 749 1175 ego
771 1133 933 1179 quoque
949 1121 993 1164 in
1015 1122 1196 1166 interitu
1223 1120 1360 1173 vestro
1379 1121 1547 1174 ridebo,
1569 1125 1625 1170 ὠ*
1639 1123 1802 1179 subsan-

60 1180 184 1228 nab0.
262 1181 395 1229 Hinc
417 1177 545 1228 belle
570 1180 637 1228 D.
660 1180 958 1243 Gregorius:
994 1181 1116 1242 fiant,
1141 1186 1240 1244 qui,
1263 1183 1337 1243 mfi
1361 1188 1500 1230 omnia
1527 1186 1803 1248 reliquerint,
1829 1186 1882 1231 ad
1893 1186 2025 1231 Mau-

51 1245 220 1303 fizlvari
234 1245 343 1303 apud
362 1244 560 1291 DEUM
578 1244 813 1289 nullatenua
831 1242 1007 1302 poffimc.
1092 1246 1388 1295 Videndum
1414 1250 1564 1312 proin
1578 1282 1590 1303 ‚
1609 1250 1806 1301 Leuco-
1829 1250 1906 1296 rit.
1923 1251 2037 1309 Imp-

61 1308 202 1361 thee,
223 1309 270 1356 δε
303 1305 677 1371 providendum
704 1306 932 1359 cuilibet,
951 1323 1015 1355 ne
1047 1309 1097 1356 in
1125 1310 1230 1358 tam
1256 1325 1405 1372 grave
1433 1311 1694 1360 discrimen
1716 1327 1827 1378 per*
2071 1325 2077 1331 “

59 1371 198 1420 suam
224 1371 513 1433 prolabatur
531 1371 792 1417 incuriam.
878 1371 1153 1420 Prudenter
1176 1372 1236 1420 de
1261 1372 1384 1421 statu
1406 1376 1512 1422 vitae
1532 1375 1799 1424 deliberan-

59 1435 210 1488 dum,
231 1434 321 1482 illis
345 1429 613 1497 praecipue,
640 1432 819 1493 quibus
851 1430 1017 1496 praeest
1045 1448 1215 1498 togata
1239 1437 1422 1488 Pallas;
1459 1453 1577 1485 nam
1601 1436 1716 1486 cum
1742 1439 1806 1488 ad

57 1499 220 1564 plures
254 1493 400 1546 status
431 1497 476 1543 se
502 1495 808 1544 reddiderint
838 1496 1050 1550 habiles,
1074 1497 1288 1550 habent,
1315 1515 1402 1546 cur
1428 1500 1687 1553 dubitent5
1710 1517 1799 1551 cur

55 1563 164 1627 plus
192 1560 466 1609 deliberent
493 1559 620 1615 aliis,
642 1573 772 1621 quos
815 1562 923 1607 vitae
955 1562 1106 1613 ratio,
1132 1560 1213 1610 sua
1233 1562 1386 1611 veluti
1415 1563 1615 1626 sponte,
1639 1566 1795 1614 deter-

56 1616 242 1677 minat‘,
263 1623 434 1672 crebra
458 1624 727 1672 voluntatis
747 1624 942 1672 Divinae
961 1623 1215 1687 interpres.
1313 1627 1449 1676 Inter
1477 1626 1605 1692 ipsos
1630 1640 1801 1677 autem

56 1690 300 1739 Minervae
316 1687 550 1739 Affeclas,
564 1685 722 1750 Sophi
741 1682 1002 1750 praecipue,
1019 1690 1064 1737 ὅ(
1090 1691 1216 1737 inter
1226 1689 1429 1754 Sophos
1449 1694 1680 1755 praeeipui
1696 1691 1798 1741 hoc

58 1751 200 1800 cordi
226 1750 311 1799 fibi
337 1751 532 1799 sumant
560 1752 822 1813 negotium
840 1783 853 1803 ,
878 1766 941 1797 ne
973 1751 1111 1813 plura
1135 1754 1342 1805 talenta,
1368 1769 1477 1816 quae
1498 1770 1590 1818 pro
1610 1758 1799 1804 anima-

49 1823 169 1862 'rum
189 1813 335 1861 salute
360 1826 666 1876 acceperant,
687 1809 969 1874 strophiolo
990 1812 1222 1862 socordes
1241 1818 1520 1868 involvant,
1541 1830 1640 1874 aut,
1655 1817 1798 1880 quod

55 1877 216 1940 pejus,
237 1876 300 1922 ad
336 1876 584 1937 augendas
615 1888 763 1935 opes,
787 1877 1038 1926 honores,
1068 1878 1146 1923 vel
1176 1878 1383 1937 profana
1411 1878 1798 1944 officia,p1·aeter

55 1940 293 1990 Numinis
316 1938 660 1985 voluntatem,
681 1950 790 1983 non
814 1949 916 1983 tam
937 1948 1161 1990 utantur,
1184 1938 1335 1999 quam
1363 1940 1646 1991 abutantur.

182 2001 377 2051 LEUC:
445 1994 664 2048 Tanti'ne
683 2000 935 2047 momenti
954 1997 1008 2045 sit
1026 1998 1427 2064 hoenegotium,
1444 2016 1498 2051 ut
1517 2006 1579 2053 ab
1603 2007 1690 2055 illo
1714 2005 1796 2054 de-

52 2064 268 2132 pendeat
299 2064 447 2111 salus?
482 2078 544 2110 an
566 2060 685 2124 ergo
702 2095 715 2115 ,
736 2075 785 2110 te
797 2062 972 2120 Judice
987 2064 1446 2126 ,vgraviorisxrearfis
1473 2067 1606 2117 hunc
1624 2084 1796 2132 argue-

52 2128 450 2188 retThemis,qui
472 2128 750 2175 vocationis
765 2126 995 2189 negle&ae
1011 2123 1231 2175 existeret
1249 2134 1601 2195 contemptor?
1636 2135 1791 2180 MEL:
1823 2135 2034 2182 P.Lanci·

50 2195 171 2243 Haec
199 2188 404 2252 quaestio
432 2192 572 2238 altius
594 2189 836 2237 Tribunal
874 2191 1017 2252 petit,
1039 2190 1175 2245 cujus
1208 2207 1303 2255 ego
1339 2194 1512 2240 malim
1543 2199 1791 2249 venerari,
1818 2201 1904 2245 tius
1920 2197 2030 2254 5251.

51 2255 207 2319 quam
231 2254 449 2303 arbitrari
462 2253 696 2301 Oracula.
764 2255 875 2302 Nec
896 2252 981 2299 tibi
1000 2253 1087 2299 soli
1110 2256 1161 2301 in
1174 2269 1398 2303 mentem
1415 2259 1551 2304 venit
1570 2258 1649 2306 hic
1669 2259 1794 2306 seru-
1819 2260 1961 2321 Opust.

48 2320 216 2384 pulus:
269 2317 442 2366 habuit
461 2318 630 2365 Roma
661 2331 768 2364 non
802 2314 1076 2364 absimilem
1107 2320 1366 2379 quondam
1400 2321 1631 2384 Sophum
1654 2354 1668 2375 ,
1709 2325 1793 2384 qui
1816 2327 1925 2385 spir.
1952 2337 1993 2372 Ι.

50 2385 249 2446 Magno
272 2381 528 2429 Societatis
554 2376 730 2429 nostrae
750 2380 1056 2442 Theologo‚
1081 2382 1129 2429 ὅ(
1161 2382 1338 2435 maiori
1370 2384 1607 2435 Asceseos
1632 2386 1790 2448 Magi·
1818 2401 1878 2435 to.
1903 2400 1946 2434 1.

52 2444 155 2496 stro
185 2444 287 2493 hoc
320 2444 445 2492 olim
479 2443 741 2507 problema
763 2443 1022 2493 Ethicum:
1071 2444 1208 2500 cujus
1234 2446 1555 2503 decisionem,
1578 2451 1609 2499 fi
1635 2448 1786 2501 lubet,
1816 2454 1860 2495 in
1877 2451 2029 2498 menie.

52 2512 267 2565 referam
290 2509 542 2574 interpres.
641 2507 804 2563 Dixit,
826 2509 1171 2623 Vgcationem
1194 2511 1527 2576 Religiosam,
1556 2514 1656 2564 fine
1683 2527 1785 2574 gra·
1814 2529 1849 2561 c.
1868 2526 1908 2561 1.
1923 2509 1964 2570 s.
1987 2524 2028 2569 5.

942 2585 964 2631 3
1582 2588 1722 2629 viore
