2177 2905
400 106 420 142 1
432 104 493 140 zo
966 88 1205 138 Academia
1230 91 1483 139 Brutorum.

333 186 482 234 vium
502 182 599 230 ruit
613 213 626 233 ,
647 178 874 245 palmam
896 182 1167 245 praeripuit,
1191 181 1365 230 relieto
1388 178 1452 227 ad
1470 178 1606 228 littus
1626 176 1816 227 aemulo
1831 209 1846 231 ‚
1863 176 1952 241 qui
1974 192 2086 230 non

335 261 440 297 tam
458 242 640 298 inedia,
654 242 809 308 quam
832 243 1026 309 pudore
1048 243 1226 293 amissae
1239 243 1476 294 Vi&oriae
1493 239 1652 308 periit.
1721 239 1851 290 Illud
1875 242 2083 299 mirum,

87 320 304 377 l.3.c.12.
337 308 483 374 quod
509 304 647 359 hisce
679 307 841 357 verbis
872 308 1263 373 Nierenbergius
1297 317 1576 355 memorat:
1613 303 1825 368 Elephas
1854 303 2086 355 furorem

337 375 549 422 Veneris
572 370 801 421 annuum
825 387 933 420 non
955 373 1178 437 reprimit
1198 367 1515 432 citius‚quam
1537 366 1801 433 proposito
1829 382 1917 432 per
1928 368 2089 434 Magi-

340 436 496 489 strum
526 436 879 485 exhortantem
906 435 1175 484 dedecore.
1242 433 1375 480 Illum
1394 434 1643 479 animalium
1671 433 1847 491 Regem,
1869 430 2088 492 Sapientia
2161 431 2171 437 “

337 506 580 559 vincentem
610 500 837 550 Platones,
865 499 1102 544 salomones
1133 494 1397 547 Prudentia,
1420 498 1536 542 illum
1558 496 1612 541 ad
1639 496 1828 555 indignas
1843 493 2006 547 sordes,
2028 496 2086 544 (θ’

338 566 526 615 ludzbria
547 563 674 623 dejici
686 564 706 609 ,ἒ
741 577 863 625 quem
895 559 1157 612 hominibus,
1180 576 1304 624 quem
1337 559 1435 618 alijs
1461 561 1611 605 Brutis
1636 556 1736 616 fore
1751 557 2001 679 [ῥήξω
2015 561 2087 605 vi-

337 632 479 677 derint
500 627 802 686 Elephantem‚
828 627 896 670 cui
922 625 1021 671 thus
1048 625 1326 670 adoleverant
1344 624 1542 673 Druidae,
1574 621 1808 682 turpissima
2011 635 2088 668 vo-

336 692 534 754 luptate?
568 692 762 736 vinceret
790 704 892 735 caeca
914 688 1003 734 tela
1018 689 1243 747 Cupidinis,
1268 690 1502 747 imperaret
1524 687 1663 732 amori
1676 720 1687 735 ‚
1700 685 1760 743 fic
1770 682 1894 743 famei
1911 687 2088 732 immor-

338 757 494 807 talem,
515 753 575 813 fic
596 750 856 813 Scipionibus
875 786 889 802 ,
910 750 971 810 fic
997 751 1259 797 Alexandris
1286 761 1436 809 parem
1462 747 1578 807 fore.
1678 749 1769 797 His
1806 749 2091 796 cicurantur

337 819 507 871 Bruta,
521 820 715 866 utinam
739 817 787 864 ὅ(
815 813 1125 863 mitescerent
1147 813 1409 862 homines!
1478 813 1636 857 MEL:
1706 811 1882 858 Grates
1905 811 1994 859 tibi
2021 810 2091 859 di-

338 894 510 932 cerent
528 882 694 932 Bruta,
715 877 749 926 si
766 879 909 939 loqui
933 875 1144 940 possent,
1168 888 1272 924 tam
1297 872 1494 937 eoregie
1517 869 1783 936 perorasti:
1812 872 1893 920 sed
1915 872 2090 921 fufius:

89 968 225 1024 Aris}
250 982 293 1016 Ι.
340 946 457 996 hinc
476 941 797 1008 respondebo
821 938 1126 989 succinffius.
1227 939 1326 987 Pro
1368 949 1452 984 ant
1468 937 1630 990 allata,
1651 936 1811 984 Brutis
1829 934 1980 984 inesse
2001 951 2095 986 vo-

89 1035 216 1084 Polit
230 1007 240 1017 '
341 1025 482 1062 cem,
504 1007 585 1056 sed
604 1021 712 1055 non
733 1005 1056 1077 'sert-nonem:
1093 1000 1175 1049 hic
1196 1003 1333 1073 enirn
1351 1001 1577 1064 Stagirita
1599 995 1747 1054 teste,
1757 999 1890 1055 solius
1916 1000 2096 1046 hominis

89 1070 292 1150 c.2,&0
341 1072 411 1127 est,
441 1083 618 1135 utpote
654 1080 858 1116 rat10n1s
888 1066 1064 1118 index,
1092 1067 1143 1114 &
1173 1076 1354 1113 mentis
1387 1066 1648 1129 Interpres.
1750 1061 1912 1131 Qod
1944 1060 1980 1111 fi
2007 1061 2096 1112 has

264 1129 309 1156 “
340 1150 495 1185 voces
517 1133 835 1182 locutionem
860 1129 1099 1193 appelles,
1118 1128 1343 1192 linguam
1370 1143 1551 1176 eorum
1575 1128 1813 1188 loqueris,
1840 1125 2019 1188 quibus
2044 1128 2097 1176 δε

339 1198 564 1250 Echo‚&
586 1193 742 1242 statua
757 1193 955 1245 Alberti
975 1193 1051 1242 M.
1073 1192 1246 1239 locuta
1270 1192 1464 1244 dicitur,
1491 1192 1756 1240 locutione
1781 1189 1962 1238 scilicet
1984 1203 2098 1237 ana-

337 1257 531 1327 logica,
553 1260 668 1322 quia
691 1256 718 1305 a
740 1257 987 1322 principio
1009 1256 1281 1304 extrinseco
1303 1257 1651 1318 proveniente.
1745 1250 2001 1303 Caeterum
2025 1252 2097 1300 uti

337 1338 507 1391 guttur
530 1324 719 1372 variare
741 1321 989 1368 clamores
1003 1352 1016 1373 ‚
1036 1318 1100 1367 fic
1120 1333 1209 1367 eos
1233 1319 1531 1371 discernere,
1552 1320 1602 1367 ὅ(
1620 1332 1759 1365 aures
1783 1314 2006 1381 poss'unt:
2042 1316 2098 1363 in

338 1389 508 1440 multis
541 1384 734 1434 accedit
762 1383 859 1434 Ars
892 1384 1092 1447 Magica
1111 1415 1124 1436 ‚
1163 1383 1302 1431 velut
1328 1383 1381 1430 in
1404 1384 1618 1446 Tyaneo
1646 1414 1659 1434 ‚
1692 1395 1803 1428 non
1829 1392 2097 1441 nunquam

340 1453 621 1502 delirorum
641 1458 956 1500 commenta,
982 1446 1189 1495 velutin
1209 1446 1523 1495 Salomone..
1608 1443 1736 1501 Aliis
1755 1444 1977 1508 linguam
2004 1440 2097 1490 sol-

338 1520 411 1566 vit
433 1514 655 1564 humana
681 1506 942 1561 industria3
979 1509 1078 1565 aliis
1104 1508 1364 1573 phantafiae
1387 1508 1592 1557 facultas
1622 1507 1856 1572 practica:
1894 1505 1958 1555 fic
1979 1502 2095 1554 Pfit-

337 1583 435 1629 taci
459 1593 565 1626 non
587 1577 824 1640 garriunt,
845 1572 930 1620 nifi
951 1572 1116 1636 saepius
1146 1574 1414 1622 inculcata:
1451 1571 1514 1620 fic
1538 1571 1825 1634 elephantes
1841 1571 2097 1619 leniuntur

338 1641 635 1692 verbis‚uon
648 1635 791 1698 quod
804 1634 993 1684 sensum
1007 1635 1384 1698 intelligant,sed
1400 1635 1544 1696 quod
1564 1634 1892 1682 inflexionem
1904 1650 2101 1684 vocum

342 1703 613 1756 diversam,
638 1700 781 1761 certis
803 1694 1042 1761 gestibus,
1070 1691 1424 1759 blanditiisque
1452 1696 1776 1752 conjunctam
1805 1699 2097 1761 percipiant.
2143 1716 2150 1720 ·

470 1763 668 1815 LEUC:
738 1763 867 1811 Non
893 1759 1092 1808 tantum
1113 1761 1322 1813 Sermo,
1347 1759 1428 1808 sed
1456 1758 1714 1808 artificiosa
1738 1774 1947 1822 quoque
1975 1775 2100 1824 ope-

94 1865 127 1915 6
149 1865 190 1916 Ε
211 1862 226 1911 1
247 1862 257 1873 .
343 1829 484 1882 randi
505 1828 675 1893 peritia
694 1823 1006 1888 Philosopho
1023 1840 1133 1869 vera
1158 1827 1336 1869 rationis
1353 1819 1484 1871 testis
1505 1819 1590 1875 est,
1607 1825 1656 1872 ὃ(
1671 1824 1927 1887 interpres·
1994 1825 2098 1872 De-

132 1905 143 1915 ·
190 1876 295 1912 ”²⁶⁶
345 1909 459 1945 mus
473 1926 486 1946 ,
511 1891 599 1940 illo
622 1903 787 1937 carere
809 1889 975 1940 Bruta,
996 1886 1125 1934 hanc
1145 1888 1231 1949 qui
1248 1883 1520 1950 negaverit,
1543 1886 1702 1933 oculis
1721 1898 1881 1940 caret,
1902 1889 1953 1937 &
1970 1902 2101 1949 quo-

95 1943 146 1992 4'
346 1962 419 2008 vis
439 1952 508 2005 est
521 1953 778 2016 Thamyra
802 1965 958 2000 caecus
980 1948 1154 2013 magis.
1195 1945 1371 1998 Lustra
1395 1947 1656 2002 mecum,s1
1674 1948 1816 1997 lubet
1835 1949 1966 1998 hanc
1980 1951 2101 2000 Bru-

344 2036 405 2072 tae
431 2020 588 2086 gentis
610 2015 1028 2080 Rempublicam,
1052 2016 1103 2063 ὃς
1134 2028 1316 2063 omncs
1342 2026 1427 2060 me
1447 2010 1601 2061 Musa:
1625 2011 1853 2066 oderint,
1873 2012 1908 2061 fi
1937 2025 2099 2064 artem

348 2086 502 2136 ullam
526 2081 761 2146 reperias,
781 2093 937 2141 quam
961 2093 1070 2127 non
1090 2074 1333 2141 apprime,
1356 2078 1406 2125 δε
1426 2073 1637 2124 exastius
1657 2075 1818 2129 subin,
1837 2074 1992 2139 quam
2012 2075 2099 2142 ipsi

97 2129 154 2180 L·
178 2127 230 2172 de
248 2126 321 2196 5⁰?
348 2150 608 2199 homines,
627 2145 779 2193 Bruta
799 2153 1084 2194 exerceant,
1105 2138 1398 2189 calleantve.
1498 2137 1748 2185 Textoriam
1769 2141 1936 2204 cupis?
1971 2139 2101 2190 Ara..

98 2190 320 2244 lm‘stm‘
350 2228 454 2262 neae
474 2210 571 2259 tela
593 2205 851 2256 considera
865 2237 879 2259 ,
902 2207 951 2255 ὅ(
973 2220 1094 2253 cum
1114 2202 1384 2253 Plutarcho
1403 2198 1642 2265 stupebis,
1663 2202 1724 2250 ab
1749 2201 1841 2251 hac
1857 2203 2100 2253 Arachne

100 2254 205 2306 mal.
351 2274 613 2326 subtilitate
635 2272 768 2320 vinci
792 2269 1027 2332 Phrygias
1049 2283 1226 2316 manus
1241 2300 1254 2320 ‚
1277 2278 1379 2316 arte
1405 2267 1560 2331 ipsam
1582 2264 1839 2316 Palladem
1867 2266 2097 2332 superati.

353 2336 559 2391 Penfilia
577 2334 853 2399 Bombycis
875 2330 1148 2382 Mausolaea
1171 2330 1355 2399 aspice,

107 2410 236 2458 Hier.
249 2401 325 2452 Vi-
918 2397 983 2443 Ut
1001 2395 1082 2454 fila
1101 2397 1241 2456 legat,
1267 2407 1394 2457 atque
1414 2395 1561 2440 ordine
1579 2393 1732 2446 ducat,

110 2471 165 2517 da
186 2473 229 2514 in
640 2448 778 2509 Miue'
787 2460 925 2518 legat,
949 2458 1194 2523 relega'tque
1214 2461 1333 2509 vias,
1356 2470 1486 2522 atque
1507 2456 1689 2505 Orbibus
1711 2454 1845 2507 Orbes

113 2527 314 2592 Bombyc.
641 2523 947 2586 Agglomeret,
967 2539 1067 2572 caeco
1089 2525 1216 2572 donec
1224 2523 1273 2583 fit
1298 2536 1466 2574 carcere
1484 2522 1673 2572 claudat.
1840 2584 1903 2636 Et
1918 2580 2037 2635 fate·
