2222 2905
743 79 903 144 Sphinx
936 82 1181 148 Clariffima.
1714 96 1781 153 »ῃ

42 177 316 235 'infinitusz
351 177 583 230 continet
610 173 712 227 sine
741 177 1015 243 indigentia
1036 212 1051 234 ‚
1086 182 1204 244 quia
1235 173 1306 230 est
1338 190 1529 234 naturae·
1545 183 1808 250 plenitudo
1828 221 1846 244 .

66 245 220 297 habet
241 243 343 294 fine
365 242 736 308 permixtione,
773 244 890 305 quia
920 238 990 291 est
1024 242 1160 293 astus
1200 243 1517 309 purissimus:
1553 250 1846 314 complesti-

66 323 149 359 tur
169 307 270 358 fine
288 304 558 360 divisione,
573 307 689 369 quia
716 301 785 354 est
813 306 1000 371 spiritus
1020 304 1417 372 fimpliciffimuS.
1455 312 1649 361 Omnia
1666 314 1846 366 DEUS

73 369 168 427 est,
203 368 342 426 imo,
370 369 493 420 nihil
514 369 690 422 DEUS
718 365 788 417 est
822 384 995 418 rerum
1019 387 1030 418 z
1058 385 1279 434 congere
1312 372 1561 436 quidquid
1583 376 1859 439 perfectio-2

72 438 147 486 nis
169 431 244 484 est·
254 439 306 484 in
328 433 475 483 rebus
495 434 780 498 corporeis3
822 431 962 481 sume
980 434 1034 481 in
1053 449 1231 486 unum,
1259 435 1506 498 quidquid
1526 438 1852 502 pulchritudi-

69 502 145 550 nis
166 501 218 548 in
254 495 494 563 spiritibus
515 512 568 545 re
607 497 772 547 eritur‚
801 495 1020 547 mendax
1041 495 1161 552 iim,
1185 497 1276 548 nisi
1316 498 1449 549 dicas
1468 516 1590 552 cum
1607 502 1850 569 S.Augu-

72 559 203 612 stino
227 577 347 608 omne
379 561 456 610 hoc
500 560 567 607 ulc
598 575 693 607 rum
716 557 772 613 est
796 592 810 614 ,
838 559 912 617 sed
935 574 1015 606 non
1028 559 1141 620 ficut
1159 573 1208 608 tu
1227 562 1397 610 DEUS
1408 578 1540 611 meus.
1589 565 1773 630 Perge,
1797 570 1852 618 ὃς

71 639 227 689 quam
247 572 521 690 concepisti
542 623 731 679 ideam,
754 622 932 673 millies
957 625 1009 674 ὃς
1036 624 1215 673 millies
1236 625 1529 691 multiplica,
1552 626 1845 694 iterumque

71 689 277 743 millies,
299 703 355 737 ac
380 687 558 736 millies
582 686 738 739 dices,
764 685 870 736 haec
887 701 996 736 non
1015 684 1086 736 est
1104 688 1272 743 Deus,
1296 689 1378 738 sed
1409 690 1597 754 aliquid
1618 691 1853 742 infinities

72 751 325 818 pulchrius
341 785 355 806 ‚
383 750 617 800 infinities
648 750 864 806 beatius,
886 749 1118 800 infinities
1151 752 1413 802 amabilius
1437 752 1567 807 ,hoc
1587 752 1657 804 est
1678 756 1850 806 Philo-

72 819 126 865 so
165 814 236 865 l-io
250 817 409 865 Deus:
433 817 484 865 δε
503 814 641 865 hunc
662 813 914 863 imensum
931 815 1174 864 Bonitatis
1188 817 1460 866 Oceanum
1474 817 1852 883 derelinquunt,

76 832 284 930 rebelles
303 879 516 934 lumini,
556 873 684 941 sibiq
713 877 921 927 fodiunt
951 877 1206 935 cisternas,
1236 881 1290 929 in
1318 883 1553 931 creaturis
1581 882 1856 948 dissipatas,

76 958 186 1007 quae
210 944 472 991 continere
499 955 610 991 non
638 941 807 993 valent
826 956 976 1005 aquas
999 959 1010 990 :
1033 942 1190 1006 quam
1211 942 1415 993 infinitae
1440 945 1539 995 suo
1560 946 1726 996 modo
1750 963 1860 997 ma-

77 1007 190 1056 litiae
222 1002 291 1054 est
310 1004 392 1055 hic
414 1007 762 1070 contemptus!
785 1006 976 1060 Semei,
990 1009 1125 1056 canis
1145 1019 1401 1059 mortuus,
1427 1008 1860 1060 malediffislacess

76 1069 134 1120 fit
162 1071 362 1135 Regem
425 1067 521 1118 rius
541 1068 840 1120 adulterum,
854 1070 1168 1133 parricidam,
1187 1087 1326 1121 nunc
1343 1070 1414 1120 ob
1431 1071 1611 1122 scelera
1639 1075 1856 1130 exulem,
1883 1093 1914 1144 l·
1929 1109 1958 1143 2
1981 1100 2046 1148 Re

78 1129 372 1195 sortisq3vin
410 1134 494 1181 icis
518 1131 808 1181 ludibrium.
857 1132 1166 1182 Amalecites
1189 1135 1385 1183 tardam
1415 1137 1613 1200 expellit
1631 1139 1857 1188 animam
1883 1177 1906 1207 ε
1943 1135 2021 1210 [δ’
2041 1116 2091 1165 ‘g'

78 1198 295 1261 Principi
318 1197 630 1261 agonizanti,
649 1197 819 1244 Patriae
847 1192 1005 1250 hosti,
1027 1197 1190 1252 vieto,
1221 1201 1272 1248 δε
1299 1197 1525 1257 beneficii
1559 1198 1685 1251 loco
1709 1217 1858 1252 mor·
1911 1196 1922 1209 ”
2000 1199 2013 1212 ’

79 1272 189 1309 tem
217 1274 328 1309 non
347 1271 455 1308 tam
488 1257 738 1324 poscenti,
760 1257 916 1322 quam
957 1263 1300 1323 extorquenti:
1342 1273 1391 1310 et
1413 1265 1552 1312 ecce!
1601 1263 1861 1316 continuo

86 1323 152 1372 ad
180 1321 473 1371 mensuram
494 1322 690 1372 vilitatis
713 1323 764 1369 in
787 1320 1109 1377 offendente,
1139 1321 1407 1381 Maiestatis
1429 1328 1482 1375 in
1504 1325 1702 1378 offenso
1724 1330 1840 1378 cres
1837 1360 1858 1370 -

82 1390 150 1436 cit
170 1388 400 1435 atrocitas
422 1385 625 1433 sceleris.
696 1385 883 1433 Metire
902 1383 1089 1440 modo,
1111 1385 1145 1434 fi
1164 1399 1326 1452 potes,
1347 1387 1670 1455 Philosophe,
1687 1388 1716 1441 ὲ
1733 1392 1859 1442 nihi-

83 1451 119 1499 li
147 1451 218 1499 tui
239 1448 413 1513 abysso
442 1448 708 1505 Maiestatis
732 1446 934 1496 infinitae
957 1447 1220 1505 offensam,
1235 1455 1285 1502 ὃς
1300 1452 1641 1517 deprehendes
1659 1457 1861 1505 malum

83 1526 190 1561 tam
209 1512 413 1577 grande,
426 1526 554 1576 pene
577 1509 983 1574 dixiffem,quam
1005 1513 1202 1576 grandis
1223 1512 1292 1563 cst
1310 1516 1469 1570 Deus,
1496 1517 1654 1581 fiquid
1676 1521 1854 1570 Deum

84 1571 276 1626 infinite
297 1590 542 1639 magnum
553 1589 748 1637 aequare
768 1574 940 1638 posset.
1011 1577 1216 1627 Verbo:
1239 1580 1414 1628 Deum
1433 1579 1527 1629 effe
1541 1581 1735 1631 neceffe
1756 1581 1852 1639 est,

81 1641 170 1703 qui
190 1654 441 1688 enormen
459 1640 648 1704 peccati
670 1640 916 1688 malitiam
949 1640 1385 1705 comprehendere
1403 1644 1549 1694 velit:
1588 1645 1855 1697 diabolum

86 1702 181 1753 effe
202 1714 424 1768 oportet,
439 1705 525 1764 qui
535 1703 813 1766 {peccatum
837 1702 1081 1758 admittit,
1118 1702 1153 1752 fi
1174 1702 1336 1759 norit,
1359 1706 1483 1769 quid
1505 1709 1629 1758 illud
1653 1709 1724 1758 fit.

260 1766 459 1816 LEUC:
517 1766 693 1829 Superi
727 1767 736 1814 ἱ
779 1766 927 1829 quale
977 1764 1269 1817 monstrum
1308 1769 1641 1837 Philosophus
1681 1789 1856 1838 pecca-

88 1831 200 1880 tor!
237 1845 309 1880 vae
340 1828 459 1878 huic
478 1861 491 1883 ,
528 1830 617 1891 qui
644 1828 809 1892 spreto
849 1830 997 1878 DEO
1026 1833 1216 1894 cogitat
1236 1866 1251 1886 ,
1282 1832 1329 1880 se
1361 1834 1642 1897 quidquam
1675 1839 1853 1887 melius

89 1894 380 1944 habiturum
415 1909 425 1940 :
471 1907 534 1940 an
554 1892 682 1941 ultra
709 1891 924 1946 crescere
961 1891 1109 1955 poffit
1148 1896 1366 1943 criminis
1400 1909 1505 1945 tam
1547 1903 1729 1947 atrocis
1763 1903 1865 1950 ini-⁷

86 1955 353 2013 menlitas?
421 1956 583 2006 MEL:
619 1951 819 2004 Potest:
853 1954 969 2004 audi
990 1955 1400 2022 Philosophiam,
1440 1959 1495 2009 ut
1517 1961 1853 2013 exorbitantes
1890 2002 1893 2005 .

91 2020 122 2071 ὲ,
146 2022 343 2070 ratione
363 2016 697 2083 Philosophos
718 2017 924 2067 reducat
956 2021 1008 2071 in
1029 2019 1265 2070 orbitam.
1351 2021 1561 2074 Infinitae
1592 2026 1857 2090 perfeetio-

93 2085 167 2132 nis
188 2079 257 2132 est
277 2083 483 2133 DEUS:
521 2079 644 2147 ergo
666 2081 966 2132 immensus:
1007 2084 1186 2148 implet
1213 2087 1388 2136 omnia
1417 2087 1591 2152 spatia,
1637 2104 1733 2139 nec
1763 2092 1857 2140 irn-

97 2146 257 2210 pletur
282 2164 291 2195 :
329 2142 399 2194 est
416 2148 544 2196 intra
564 2147 740 2195 omnia
761 2160 871 2196 non
898 2145 1109 2196 inclusus
1125 2181 1138 2202 ,
1175 2145 1244 2197 est
1263 2161 1395 2199 extra
1415 2153 1617 2206 omnia,
1653 2167 1749 2201 nec
1778 2169 1857 2203 ex-

98 2208 279 2257 clusus:
316 2209 504 2271 ubique
525 2208 728 2274 praesens
751 2206 846 2264 est,
881 2222 1108 2274 penetrat
1125 2211 1320 2276 abyssos
1351 2246 1365 2267 ‚
1401 2216 1635 2264 emetitur
1664 2217 1859 2274 coeIOS,

99 2270 321 2336 perspicit
350 2273 526 2320 intima
547 2272 781 2321 cordium
798 2290 807 2320 :
824 2287 933 2335 quae
955 2272 1078 2337 ergo
1092 2277 1345 2339 protervia
1357 2291 1533 2327 coram
1553 2278 1700 2328 DEO
1715 2294 1861 2330 com-

101 2336 301 2383 mittere
319 2367 334 2390 ,
369 2349 479 2397 quae
507 2350 684 2385 coram
713 2335 928 2385 homine
944 2352 1055 2386 non
1075 2337 1316 2388 auderes?
1351 2341 1498 2390 nimis
1526 2340 1742 2393 insolens
1765 2341 1862 2396 est,

102 2398 271 2461 legem
306 2398 572 2464 infringere
594 2432 607 2454 ,
644 2399 770 2449 dum
791 2397 927 2449 adest
947 2401 1250 2465 Legislator5
1302 2403 1464 2454 ridere
1532 2420 1705 2457 omas,
1743 2405 1867 2459 cum

103 2460 285 2525 speciiat
312 2461 474 2519 Judex
497 2479 511 2515 ς
567 2463 867 2514 conculcare
894 2466 1112 2530 pretium
1144 2466 1386 2530 sanguinis
1407 2500 1421 2523 ,
1457 2483 1577 2519 cum
1605 2469 1743 2518 videt
1767 2471 1868 2519 Re·-

106 2526 361 2593 demptor.
428 2524 636 2580 Infinitae
652 2526 971 2594 perfestionis
992 2524 1063 2576 est
1083 2528 1259 2584 DEUS
1283 2547 1295 2583 ε
1316 2529 1437 2598 ergo
1455 2529 1648 2588 infinite
1669 2533 1864 2584 bonust

958 2591 999 2644 E
1035 2605 1066 2641 2
1682 2595 1805 2659 quid
