2222 2905
103 867 279 917 Intelle-

102 931 190 981 ἱῖιιο·

113 1292 193 1350 m

110 1366 190 1414 ας

410 55 471 116 56
971 50 1170 102 Flamma
1205 53 1476 129 Promethei.

339 169 455 207 non
474 165 665 207 unum,
689 148 772 203 sed
791 163 962 200 novos
989 145 1267 214 novosque
1297 149 1611 201 consarcinet
1634 149 1926 217 Calepinos.
2025 150 2122 204 Eu-

338 216 558 272 clidem,
587 227 777 264 notum
797 216 852 263 in
871 213 1089 264 Mathefi
1120 214 1407 271 oraculum,
1430 214 1718 270 consule,&
1742 210 1771 264 ὲ
1799 230 1875 264 10.
1901 211 2033 266 cifris
2051 218 2125 266 in-

342 295 590 333 numeros
611 279 704 327 tibi
732 293 977 327 numeros
1004 278 1340 327 combinabit.
1391 277 1588 343 Orphei
1606 278 1867 344 cytharam
1898 280 2120 345 explora,

345 350 396 396 &
426 344 618 394 videbis
645 339 673 391 ὲ
703 341 893 408 septem
923 341 1127 392 Musicae
1169 345 1432 391 elementis
1459 342 1786 392 harmoniam
1821 343 2123 408 consurgere

342 408 610 462 dissonam,
636 421 746 454 non
768 418 849 453 tot
874 407 996 469 quin
1015 406 1184 470 saepius
1202 407 1472 455 variatam:
1511 422 1598 455 cur
1624 422 1745 471 ergo
1769 409 2025 456 memoria
2052 408 2122 456 di⁴

338 475 498 537 rigere
518 473 868 534 Protogenen]
896 482 1144 532 nequeat,
1173 469 1253 519 vel
1282 469 1550 534 Apellem,
1578 482 1632 519 ut
1659 467 1686 519 ὲ
1723 469 1922 520 diversis
1952 469 2122 521 vultus

338 537 551 586 humani
573 534 811 600 partibus,
825 532 907 581 sed
929 533 1048 587 alio,
1071 528 1278 596 alioque
1297 533 1467 583 modo
1486 533 1573 583 vel
1596 537 1934 598 proportione
1961 535 2125 600 dispo-

340 599 463 654 fitis,
485 597 690 661 effingat
730 594 965 645 infinities
999 596 1189 647 diversa
1215 596 1495 647 hominum
1527 597 1725 662 edtypa,
1761 613 1989 661 quorum
2017 599 2126 648 nul-

340 664 452 712 lum
484 659 689 711 hausiffe
722 659 938 709 senfibus
969 663 1124 710 etiam
1150 675 1241 726 per
1279 662 1471 719 Jovem
1502 661 1724 726 lapidem
1755 653 1968 718 iurabit?
2020 662 2127 711 haec

343 741 531 791 nempe
553 725 663 775 sunt
691 736 878 773 natura:
903 725 1175 778 miracula,
1207 739 1316 786 quae
1345 726 1580 790 experiri,
1601 723 1896 775 concessum
1925 722 1993 774 est
2015 741 2128 775 om-

342 791 488 840 nibus
504 823 516 844 ,
540 787 1000 853 comprehendere,
1020 803 1085 836 ne
1111 789 1321 851 quidem
1348 788 1550 854 Sophis.

470 853 672 904 LEUC:
710 851 1032 901 Crediderim
1055 849 1350 906 enimvero,
1370 853 1421 900 in
1442 852 1710 901 memor'iae-
1742 851 1900 915 adytis
1923 851 2132 918 superest

345 917 393 967 se
421 917 590 984 plura,
611 931 721 980 quae
748 915 998 964 curiosam
1030 914 1101 964 sui
1129 917 1440 964 memoriam
1460 915 1753 979 poscerent:
1791 916 1874 964 sed
1890 916 1994 965 hoc
2017 931 2132 965 mo·

346 982 417 1032 do
447 981 510 1030 de
528 981 786 1030 memoria
808 978 874 1028 fic
895 979 1249 1030 discurremus,
1272 989 1331 1027 ut
1348 977 1628 1029 intelleststs
1648 977 1848 1044 penitus
1876 980 2134 1030 oblivisca-

346 1062 479 1095 mur.
579 1045 737 1092 MEL:
774 1039 934 1093 Rest‘e
957 1055 1157 1097 mones,
1183 1042 1330 1106 quod
1352 1045 1615 1092 memoriae
1639 1043 1872 1093 dedimus
1895 1045 2133 1098 nimium,

348 1108 668 1159 facultatibus
696 1108 900 1170 reliquis
932 1106 1271 1155 detrahemus.
1374 1107 1639 1156 Intelleslm
1664 1119 1824 1161 caret,
1852 1109 1940 1170 qui
1965 1109 2016 1157 in
2043 1108 2134 1156 illo

351 1189 465 1222 non
483 1173 712 1236 intelligit
736 1167 1014 1219 intelledffis
1034 1169 1359 1219 Authorem:
1396 1172 1479 1220 vde<
1506 1172 1645 1218 enim
1667 1170 1785 1219 alibi
1805 1170 1945 1219 suam
1975 1169 2135 1234 magis

299 1289 306 1299 ,
355 1238 644 1302 potentiam
674 1231 894 1283 ostendit
916 1236 1156 1288 Numen,
1179 1233 1336 1296 quam
1356 1235 1408 1281 in
1433 1231 1521 1282 ista
1544 1236 1787 1299 potentia.
1879 1236 2005 1283 Haec
2024 1235 2136 1284 Phi-

197 1307 218 1338 θ
234 1305 323 1337 ‘lm-
354 1299 574 1366 Iosopho
599 1299 779 1348 dicitur
796 1297 1002 1347 facultas
1018 1331 1030 1352 ‚
1052 1312 1153 1360 qua
1181 1298 1539 1361 cognoscimus
1560 1299 1766 1352 omnia,
1789 1312 1902 1361 quae
1926 1298 2138 1361 quidem

354 1366 571 1416 veritatis
598 1362 806 1429 sphaera,
831 1361 980 1410 nobis
1006 1361 1179 1418 objicit
1199 1360 1534 1426 percipienda.
1635 1362 1755 1411 Hoc
1779 1376 1903 1426 ergo
1929 1361 2140 1426 parado-

357 1445 478 1480 xum
508 1427 652 1485 huius
671 1427 908 1492 potentiae
931 1425 1122 1479 fatum,
1148 1437 1254 1474 tam
1285 1424 1446 1473 multa
1476 1420 1621 1488 quod
1644 1425 1911 1488 intelligat,
1931 1427 1982 1475 ὃς
2004 1425 2050 1474 se
2068 1426 2140 1489 ip-

358 1493 461 1542 sam
483 1495 699 1557 ignoret.
755 1492 813 1540 In
838 1490 1008 1538 alienis
1028 1488 1173 1537 rebus
1193 1487 1256 1536 ad
1276 1484 1424 1536 instar
1450 1488 1578 1552 Argi
1599 1484 1670 1535 est
1690 1490 1890 1537 oculata
1907 1524 1918 1539 ,
1943 1503 2073 1537 caeca
2089 1493 2142 1537 in

357 1557 478 1606 suis:
533 1553 659 1604 foris
690 1553 909 1607 erudita,
953 1551 1086 1601 intus
1106 1554 1302 1616 ignara,
1340 1564 1474 1600 extra
1495 1552 1539 1599 se
1559 1551 1745 1613 ubique
1766 1551 1995 1616 praesens,
2015 1554 2144 1600 intra

357 1621 404 1670 se
429 1620 624 1669 absens:
672 1616 861 1669 nosset,
883 1616 1067 1671 credo,
1097 1617 1144 1664 se
1170 1616 1352 1680 ipsam,
1372 1614 1407 1663 si
1433 1613 1460 1663 a
1488 1614 1534 1663 se
1556 1613 1765 1669 abeffet,
1794 1617 1844 1664 ὃ(
1872 1612 2065 1664 idcirco
2098 1615 2144 1663 se

359 1684 514 1749 ipsam
539 1698 650 1732 non
667 1681 829 1736 videt,
858 1683 974 1744 quia
994 1680 1081 1728 fibi
1102 1675 1171 1728 est
1193 1679 1412 1744 praesens.
1482 1679 1683 1742 Superi!
1721 1690 1908 1743 quanta
1936 1678 2143 1728 faculta-

357 1751 394 1796 ti
417 1746 534 1796 huic
563 1746 796 1796 facultas!
853 1746 1011 1794 cernit
1031 1742 1309 1809 praesentia,
1330 1742 1521 1807 inspicit
1550 1743 1746 1797 futura,
1766 1742 2029 1807 cognoscit
2059 1741 2146 1791 dis-

358 1810 446 1860 sita
461 1845 473 1864 ,
493 1812 690 1875 attingit
711 1809 956 1862 sublimia,
973 1819 1200 1873 penetrat
1226 1806 1417 1855 subtilia
1437 1838 1450 1860 ,
1483 1805 1722 1854 scrutatur
1753 1806 2007 1870 profunda
2030 1838 2043 1860 ,
2078 1806 2146 1854 di-

357 1873 746 1924 scernitbonum
768 1872 795 1921 a
815 1872 982 1926 malo,
1006 1886 1188 1921 verum
1216 1868 1244 1919 a
1264 1869 1414 1918 falso:
1452 1885 1561 1917 non
1591 1866 1949 1933 constringitur
1975 1871 2147 1918 vincu-

358 1939 442 1992 lis,
476 1936 759 1986 carceribus
791 1950 904 1984 non
934 1935 1204 1984 cohibetur
1227 1967 1240 1989 ,
1271 1934 1463 1983 ferreos
1494 1932 1659 1983 vestes
1678 1965 1690 1987 ,
1719 1931 2010 1995 clausasque
2031 1947 2149 1996 por-

360 2015 432 2050 tas
452 2016 546 2066 pro
568 2000 714 2048 libitu
735 2012 987 2064 penetrat,
1012 2001 1062 2049 &
1087 1998 1172 2047 ubi
1192 1999 1243 2046 in
1268 1997 1484 2046 tenebris
1512 2008 1652 2060 putas
1671 1995 2147 2060 squallentem,ipsa,

365 2077 502 2114 extra
531 2063 576 2113 se
600 2061 780 2127 ipsam,
816 2077 902 2126 per
931 2062 1118 2111 Mundi
1143 2063 1353 2126 patentis
1384 2060 1531 2125 spatia
1558 2058 1815 2123 spatiatur&
1907 2059 2149 2109 Celeritas

366 2142 579 2192 quoque
607 2127 677 2175 illi
700 2121 768 2174 est
785 2126 1006 2174 summa:
1044 2137 1322 2174 momento
1344 2125 1397 2172 in
1421 2123 1633 2172 Coelum
1654 2122 1852 2175 avolat,
1886 2124 1936 2172 &
1967 2123 2145 2173 discur-

365 2195 428 2241 rit
450 2207 569 2241 cum
590 2189 826 2254 AngeliS,
852 2201 1128 2237 momento
1162 2188 1225 2237 ad
1249 2201 1432 2236 terram
1453 2187 1734 2240 revertitur,
1755 2188 1804 2236 δε
1827 2185 1982 2250 sylvas
2003 2190 2145 2236 inco-

368 2257 445 2304 lit:
483 2270 619 2303 nunc
650 2268 863 2316 aquam,
886 2268 1022 2301 nunc
1046 2255 1242 2306 aerem,
1267 2266 1401 2299 nunc
1421 2252 1593 2314 ignem
1616 2252 1763 2314 petit,
1788 2251 2026 2302 omnium
2052 2252 2147 2299 ele-

368 2330 671 2367 mentorum
694 2317 890 2365 incola:
929 2316 1010 2364 sed
1027 2316 1151 2364 dum
1172 2317 1275 2380 igni
1296 2314 1342 2362 se
1359 2312 1623 2366 immiscet,
1637 2329 1746 2361 non
1765 2314 2003 2369 aduritur,
2021 2314 2147 2364 dum

373 2384 648 2432 Oceanum
668 2382 846 2434 intrat,
867 2394 977 2428 non
1001 2380 1331 2443 demergitur,
1349 2377 1484 2425 ‘dum
1507 2379 1679 2425 aerem
1707 2375 1891 2431 visitat,
1916 2392 2024 2426 non
2055 2377 2146 2426 hu-

372 2445 635 2495 mectatur.
705 2443 819 2491 Plus
849 2443 991 2497 dico,
1017 2439 1182 2509 potest
1200 2441 1427 2490 tenebras
1445 2440 1662 2504 ingredi,
1688 2441 1810 2503 quin
1833 2440 2143 2498 obscuretur,

369 2521 634 2578 penetrare
656 2505 898 2562 nihilum,
920 2509 1044 2571 quin
1065 2505 1431 2557 confundatur<
1483 2503 1717 2555 meditari
1741 2516 2000 2617 temporafl,
2024 2509 2147 2566 quin

2002 2581 2097 2617 uat.
