<?xml version="1.0" encoding="UTF-8"?>
<!DOCTYPE html PUBLIC "-//W3C//DTD XHTML 1.0 Transitional//EN"
    "http://www.w3.org/TR/xhtml1/DTD/xhtml1-transitional.dtd">
<html xmlns="http://www.w3.org/1999/xhtml" xml:lang="en" lang="en">
 <head>
  <title>
</title>
<meta http-equiv="Content-Type" content="text/html;charset=utf-8" />
  <meta name='ocr-system' content='tesseract 3.04.00' />
  <meta name='ocr-capabilities' content='ocr_page ocr_carea ocr_par ocr_line ocrx_word'/>
</head>
<body>
  <div class='ocr_page' id='page_1' title='image "./peripateticusnos00sch_0016.png"; bbox 0 0 2222 2905; ppageno 0'>
   <div class='ocr_carea' id='block_1_1' title="bbox 1074 87 1353 137">
    <p class='ocr_par' dir='ltr' id='par_1_1' title="bbox 1074 87 1353 137">
     <span class='ocr_line' id='line_1_1' title="bbox 1074 87 1353 137; baseline 0 0"><span class='ocrx_word' id='word_1_1' title='bbox 1074 87 1353 137; x_wconf 45' lang='lat' dir='ltr'><strong>Prooemium,</strong></span> 
     </span>
    </p>
   </div>
   <div class='ocr_carea' id='block_1_2' title="bbox 207 177 2142 2628">
    <p class='ocr_par' dir='ltr' id='par_1_2' title="bbox 207 177 2142 2628">
     <span class='ocr_line' id='line_1_2' title="bbox 331 177 2127 255; baseline 0.001 -20"><span class='ocrx_word' id='word_1_2' title='bbox 331 184 607 255; x_wconf 82' lang='lat' dir='ltr'><strong>probarem</strong></span> <span class='ocrx_word' id='word_1_3' title='bbox 617 177 975 247; x_wconf 84' lang='lat' dir='ltr'><strong>Philosophos,</strong></span> <span class='ocrx_word' id='word_1_4' title='bbox 1003 182 1092 244; x_wconf 86' lang='lat' dir='ltr'><strong>qui</strong></span> <span class='ocrx_word' id='word_1_5' title='bbox 1122 196 1181 230; x_wconf 86' lang='lat' dir='ltr'><strong>ex</strong></span> <span class='ocrx_word' id='word_1_6' title='bbox 1200 179 1439 247; x_wconf 84' lang='lat' dir='ltr'>panoplia</span> <span class='ocrx_word' id='word_1_7' title='bbox 1467 179 1673 232; x_wconf 86' lang='lat' dir='ltr'><strong>ascetica</strong></span> <span class='ocrx_word' id='word_1_8' title='bbox 1692 178 1993 233; x_wconf 67' lang='lat' dir='ltr'><strong>mutuarum</strong></span> <span class='ocrx_word' id='word_1_9' title='bbox 2009 182 2127 238; x_wconf 76' lang='lat' dir='ltr'><strong>tela,</strong></span> 
     </span>
     <span class='ocr_line' id='line_1_3' title="bbox 335 243 2124 309; baseline -0.002 -10"><span class='ocrx_word' id='word_1_10' title='bbox 335 247 501 300; x_wconf 77' lang='lat' dir='ltr'><strong>utilius</strong></span> <span class='ocrx_word' id='word_1_11' title='bbox 523 245 814 295; x_wconf 79' lang='lat' dir='ltr'><strong>debellaturi</strong></span> <span class='ocrx_word' id='word_1_12' title='bbox 832 243 1191 309; x_wconf 73' lang='lat' dir='ltr'><strong>philosophicae</strong></span> <span class='ocrx_word' id='word_1_13' title='bbox 1217 246 1335 295; x_wconf 85' lang='lat' dir='ltr'><strong>vitia</strong></span> <span class='ocrx_word' id='word_1_14' title='bbox 1356 245 1468 295; x_wconf 87' lang='lat' dir='ltr'><strong>vitae</strong></span> <span class='ocrx_word' id='word_1_15' title='bbox 1492 277 1505 300; x_wconf 87' lang='lat'>‚</span> <span class='ocrx_word' id='word_1_16' title='bbox 1541 244 1699 308; x_wconf 71' lang='lat' dir='ltr'><strong>quam</strong></span> <span class='ocrx_word' id='word_1_17' title='bbox 1724 246 1979 295; x_wconf 71' lang='lat' dir='ltr'><strong>dostrinae.</strong></span> <span class='ocrx_word' id='word_1_18' title='bbox 2063 246 2124 296; x_wconf 85' lang='lat' dir='ltr'><strong>Id</strong></span> 
     </span>
     <span class='ocr_line' id='line_1_4' title="bbox 333 303 2125 371; baseline -0.002 -9"><span class='ocrx_word' id='word_1_19' title='bbox 333 325 533 364; x_wconf 86' lang='lat' dir='ltr'><strong>tamen,</strong></span> <span class='ocrx_word' id='word_1_20' title='bbox 554 309 628 357; x_wconf 86' lang='lat' dir='ltr'><strong>his</strong></span> <span class='ocrx_word' id='word_1_21' title='bbox 658 321 768 355; x_wconf 88' lang='lat' dir='ltr'><strong>non</strong></span> <span class='ocrx_word' id='word_1_22' title='bbox 802 303 1141 361; x_wconf 83' lang='lat' dir='ltr'><strong>obstantibus,</strong></span> <span class='ocrx_word' id='word_1_23' title='bbox 1171 303 1240 354; x_wconf 90' lang='lat' dir='ltr'><strong>est</strong></span> <span class='ocrx_word' id='word_1_24' title='bbox 1267 310 1319 356; x_wconf 90' lang='lat' dir='ltr'><strong>in</strong></span> <span class='ocrx_word' id='word_1_25' title='bbox 1352 306 1585 356; x_wconf 51' lang='lat' dir='ltr'><strong>confesso¹</strong></span> <span class='ocrx_word' id='word_1_26' title='bbox 1606 341 1619 362; x_wconf 90' lang='lat'><strong>,</strong></span> <span class='ocrx_word' id='word_1_27' title='bbox 1656 305 1799 371; x_wconf 74' lang='lat' dir='ltr'><strong>quod</strong></span> <span class='ocrx_word' id='word_1_28' title='bbox 1824 308 1860 356; x_wconf 84' lang='lat' dir='ltr'><strong>si</strong></span> <span class='ocrx_word' id='word_1_29' title='bbox 1887 310 2125 358; x_wconf 73' lang='lat' dir='ltr'><strong>novitatis</strong></span> 
     </span>
     <span class='ocr_line' id='line_1_5' title="bbox 334 357 2125 434; baseline -0.001 -12"><span class='ocrx_word' id='word_1_30' title='bbox 334 371 556 423; x_wconf 79' lang='lat' dir='ltr'><strong>nimium</strong></span> <span class='ocrx_word' id='word_1_31' title='bbox 577 370 837 422; x_wconf 88' lang='lat' dir='ltr'><strong>ambitiosa</strong></span> <span class='ocrx_word' id='word_1_32' title='bbox 860 370 1104 434; x_wconf 85' lang='lat' dir='ltr'>cupiditas</span> <span class='ocrx_word' id='word_1_33' title='bbox 1114 357 1629 434; x_wconf 71' lang='lat' dir='ltr'><strong>Peripato⁸calamum</strong></span> <span class='ocrx_word' id='word_1_34' title='bbox 1647 371 1901 425; x_wconf 74' lang='lat' dir='ltr'>subtrahit,</span> <span class='ocrx_word' id='word_1_35' title='bbox 1917 371 2125 421; x_wconf 87' lang='lat' dir='ltr'><strong>tandem</strong></span> 
     </span>
     <span class='ocr_line' id='line_1_6' title="bbox 337 432 2128 497; baseline -0.002 -11"><span class='ocrx_word' id='word_1_36' title='bbox 337 439 391 487; x_wconf 84' lang='lat' dir='ltr'><strong>in</strong></span> <span class='ocrx_word' id='word_1_37' title='bbox 411 435 511 492; x_wconf 87' lang='lat' dir='ltr'><strong>alijs</strong></span> <span class='ocrx_word' id='word_1_38' title='bbox 530 447 741 496; x_wconf 90' lang='lat' dir='ltr'><strong>quoque</strong></span> <span class='ocrx_word' id='word_1_39' title='bbox 764 433 988 489; x_wconf 64' lang='lat' dir='ltr'><strong>scientiis,</strong></span> <span class='ocrx_word' id='word_1_40' title='bbox 1009 432 1231 480; x_wconf 88' lang='lat' dir='ltr'><strong>eundem</strong></span> <span class='ocrx_word' id='word_1_41' title='bbox 1253 432 1515 497; x_wconf 80' lang='lat' dir='ltr'><strong>suspendet</strong></span> <span class='ocrx_word' id='word_1_42' title='bbox 1533 432 1672 481; x_wconf 85' lang='lat' dir='ltr'><strong>idem</strong></span> <span class='ocrx_word' id='word_1_43' title='bbox 1697 434 1936 483; x_wconf 89' lang='lat' dir='ltr'><strong>moderni</strong></span> <span class='ocrx_word' id='word_1_44' title='bbox 1966 434 2128 483; x_wconf 70' lang='lat' dir='ltr'><strong>saeculi</strong></span> 
     </span>
     <span class='ocr_line' id='line_1_7' title="bbox 339 495 2126 562; baseline -0.002 -13"><span class='ocrx_word' id='word_1_45' title='bbox 339 499 520 550; x_wconf 88' lang='lat' dir='ltr'><strong>fatum.</strong></span> <span class='ocrx_word' id='word_1_46' title='bbox 589 497 780 545; x_wconf 83' lang='lat' dir='ltr'><strong>Adoro</strong></span> <span class='ocrx_word' id='word_1_47' title='bbox 804 511 900 559; x_wconf 80' lang='lat' dir='ltr'><strong>ego</strong></span> <span class='ocrx_word' id='word_1_48' title='bbox 924 495 1222 559; x_wconf 81' lang='lat' dir='ltr'><strong>multiplices</strong></span> <span class='ocrx_word' id='word_1_49' title='bbox 1251 496 1435 559; x_wconf 71' lang='lat' dir='ltr'><strong>ingenii</strong></span> <span class='ocrx_word' id='word_1_50' title='bbox 1463 509 1654 560; x_wconf 85' lang='lat' dir='ltr'><strong>partus,</strong></span> <span class='ocrx_word' id='word_1_51' title='bbox 1675 497 1856 559; x_wconf 87' lang='lat' dir='ltr'><strong>quibus</strong></span> <span class='ocrx_word' id='word_1_52' title='bbox 1879 530 1891 552; x_wconf 93' lang='lat'><strong>,</strong></span> <span class='ocrx_word' id='word_1_53' title='bbox 1922 514 2017 562; x_wconf 90' lang='lat' dir='ltr'><strong>pro</strong></span> <span class='ocrx_word' id='word_1_54' title='bbox 2043 497 2126 546; x_wconf 86' lang='lat' dir='ltr'><strong>sua</strong></span> 
     </span>
     <span class='ocr_line' id='line_1_8' title="bbox 339 557 2125 623; baseline -0.001 -12"><span class='ocrx_word' id='word_1_55' title='bbox 339 560 596 612; x_wconf 86' lang='lat' dir='ltr'><strong>methodo</strong></span> <span class='ocrx_word' id='word_1_56' title='bbox 620 592 633 614; x_wconf 88' lang='lat'>‚</span> <span class='ocrx_word' id='word_1_57' title='bbox 669 559 880 623; x_wconf 68' lang='lat' dir='ltr'><strong>ve&amp;igal</strong></span> <span class='ocrx_word' id='word_1_58' title='bbox 912 559 1157 608; x_wconf 79' lang='lat' dir='ltr'><strong>Minervae</strong></span> <span class='ocrx_word' id='word_1_59' title='bbox 1192 557 1394 608; x_wconf 87' lang='lat' dir='ltr'><strong>solvunt</strong></span> <span class='ocrx_word' id='word_1_60' title='bbox 1429 561 1478 608; x_wconf 73' lang='grc' dir='ltr'><strong>ὅ(</strong></span> <span class='ocrx_word' id='word_1_61' title='bbox 1500 560 1602 608; x_wconf 87' lang='lat' dir='ltr'><strong>aliae</strong></span> <span class='ocrx_word' id='word_1_62' title='bbox 1636 558 1936 608; x_wconf 72' lang='lat' dir='ltr'><strong>Facultates:</strong></span> <span class='ocrx_word' id='word_1_63' title='bbox 1974 560 2025 608; x_wconf 92' lang='lat' dir='ltr'><strong>id</strong></span> <span class='ocrx_word' id='word_1_64' title='bbox 2049 560 2125 609; x_wconf 90' lang='lat' dir='ltr'><strong>so-</strong></span> 
     </span>
     <span class='ocr_line' id='line_1_9' title="bbox 341 620 2126 687; baseline -0.001 -13"><span class='ocrx_word' id='word_1_65' title='bbox 341 623 451 674; x_wconf 76' lang='lat' dir='ltr'><strong>lum</strong></span> <span class='ocrx_word' id='word_1_66' title='bbox 473 620 686 672; x_wconf 80' lang='lat' dir='ltr'><strong>sustineo</strong></span> <span class='ocrx_word' id='word_1_67' title='bbox 700 655 712 675; x_wconf 85' lang='lat'><strong>,</strong></span> <span class='ocrx_word' id='word_1_68' title='bbox 735 621 799 669; x_wconf 86' lang='lat' dir='ltr'><strong>fic</strong></span> <span class='ocrx_word' id='word_1_69' title='bbox 821 621 1154 669; x_wconf 76' lang='lat' dir='ltr'><strong>novatoribus</strong></span> <span class='ocrx_word' id='word_1_70' title='bbox 1175 621 1314 670; x_wconf 89' lang='lat' dir='ltr'><strong>suam</strong></span> <span class='ocrx_word' id='word_1_71' title='bbox 1336 620 1506 669; x_wconf 90' lang='lat' dir='ltr'><strong>deberi</strong></span> <span class='ocrx_word' id='word_1_72' title='bbox 1526 622 1743 687; x_wconf 78' lang='lat' dir='ltr'><strong>gloriam</strong></span> <span class='ocrx_word' id='word_1_73' title='bbox 1760 656 1772 676; x_wconf 86' lang='lat'><strong>,</strong></span> <span class='ocrx_word' id='word_1_74' title='bbox 1799 623 1869 672; x_wconf 93' lang='lat' dir='ltr'><strong>ob</strong></span> <span class='ocrx_word' id='word_1_75' title='bbox 1897 635 2126 672; x_wconf 75' lang='lat' dir='ltr'><strong>recenter</strong></span> 
     </span>
     <span class='ocr_line' id='line_1_10' title="bbox 341 683 2129 750; baseline -0.002 -13"><span class='ocrx_word' id='word_1_76' title='bbox 341 691 562 741; x_wconf 87' lang='lat' dir='ltr'><strong>inventa,</strong></span> <span class='ocrx_word' id='word_1_77' title='bbox 577 698 631 734; x_wconf 87' lang='lat' dir='ltr'><strong>ut</strong></span> <span class='ocrx_word' id='word_1_78' title='bbox 651 688 701 735; x_wconf 73' lang='lat' dir='ltr'><strong>&lt;Sc</strong></span> <span class='ocrx_word' id='word_1_79' title='bbox 725 686 794 733; x_wconf 92' lang='lat' dir='ltr'><strong>ob</strong></span> <span class='ocrx_word' id='word_1_80' title='bbox 817 686 1019 734; x_wconf 87' lang='lat' dir='ltr'><strong>noviter</strong></span> <span class='ocrx_word' id='word_1_81' title='bbox 1047 686 1293 750; x_wconf 86' lang='lat' dir='ltr'><strong>perpolita</strong></span> <span class='ocrx_word' id='word_1_82' title='bbox 1308 718 1319 738; x_wconf 85' lang='lat'><strong>,</strong></span> <span class='ocrx_word' id='word_1_83' title='bbox 1343 684 1546 734; x_wconf 80' lang='lat' dir='ltr'><strong>honore</strong></span> <span class='ocrx_word' id='word_1_84' title='bbox 1570 686 1743 734; x_wconf 88' lang='lat' dir='ltr'><strong>debito</strong></span> <span class='ocrx_word' id='word_1_85' title='bbox 1764 702 1870 734; x_wconf 87' lang='lat' dir='ltr'><strong>non</strong></span> <span class='ocrx_word' id='word_1_86' title='bbox 1895 683 2129 735; x_wconf 90' lang='lat' dir='ltr'><strong>frustren-</strong></span> 
     </span>
     <span class='ocr_line' id='line_1_11' title="bbox 342 744 2126 811; baseline -0.001 -12"><span class='ocrx_word' id='word_1_87' title='bbox 342 764 423 799; x_wconf 86' lang='lat' dir='ltr'><strong>tur</strong></span> <span class='ocrx_word' id='word_1_88' title='bbox 442 761 786 798; x_wconf 78' lang='lat' dir='ltr'><strong>renovatores.</strong></span> <span class='ocrx_word' id='word_1_89' title='bbox 859 744 1037 802; x_wconf 76' lang='lat' dir='ltr'><strong>Certe,</strong></span> <span class='ocrx_word' id='word_1_90' title='bbox 1056 747 1089 796; x_wconf 82' lang='lat' dir='ltr'><strong>si</strong></span> <span class='ocrx_word' id='word_1_91' title='bbox 1112 749 1233 811; x_wconf 87' lang='lat' dir='ltr'><strong>quid</strong></span> <span class='ocrx_word' id='word_1_92' title='bbox 1260 748 1352 796; x_wconf 88' lang='lat' dir='ltr'><strong>hac</strong></span> <span class='ocrx_word' id='word_1_93' title='bbox 1372 751 1422 796; x_wconf 89' lang='lat' dir='ltr'><strong>in</strong></span> <span class='ocrx_word' id='word_1_94' title='bbox 1448 764 1499 796; x_wconf 90' lang='lat' dir='ltr'><strong>re</strong></span> <span class='ocrx_word' id='word_1_95' title='bbox 1523 749 1623 806; x_wconf 70' lang='lat' dir='ltr'><strong>vitii</strong></span> <span class='ocrx_word' id='word_1_96' title='bbox 1640 783 1653 802; x_wconf 88' lang='lat'><strong>,</strong></span> <span class='ocrx_word' id='word_1_97' title='bbox 1680 748 1731 796; x_wconf 92' lang='lat' dir='ltr'><strong>id</strong></span> <span class='ocrx_word' id='word_1_98' title='bbox 1764 765 1873 797; x_wconf 91' lang='lat' dir='ltr'><strong>non</strong></span> <span class='ocrx_word' id='word_1_99' title='bbox 1900 762 2003 798; x_wconf 85' lang='lat' dir='ltr'><strong>tam</strong></span> <span class='ocrx_word' id='word_1_100' title='bbox 2030 748 2126 798; x_wconf 83' lang='lat' dir='ltr'><strong>esse</strong></span> 
     </span>
     <span class='ocr_line' id='line_1_12' title="bbox 344 810 2130 876; baseline -0.001 -14"><span class='ocrx_word' id='word_1_101' title='bbox 344 815 555 862; x_wconf 75' lang='lat' dir='ltr'><strong>dixerim</strong></span> <span class='ocrx_word' id='word_1_102' title='bbox 576 810 907 875; x_wconf 71' lang='lat' dir='ltr'><strong>Philosophiae</strong></span> <span class='ocrx_word' id='word_1_103' title='bbox 934 813 1120 874; x_wconf 80' lang='lat' dir='ltr'><strong>egentis</strong></span> <span class='ocrx_word' id='word_1_104' title='bbox 1141 844 1154 865; x_wconf 88' lang='lat'><strong>,</strong></span> <span class='ocrx_word' id='word_1_105' title='bbox 1192 810 1347 873; x_wconf 75' lang='lat' dir='ltr'><strong>quam</strong></span> <span class='ocrx_word' id='word_1_106' title='bbox 1369 812 1563 860; x_wconf 85' lang='lat' dir='ltr'><strong>delicati</strong></span> <span class='ocrx_word' id='word_1_107' title='bbox 1589 810 1807 860; x_wconf 75' lang='lat' dir='ltr'><strong>nimium</strong></span> <span class='ocrx_word' id='word_1_108' title='bbox 1823 813 1949 876; x_wconf 69' lang='lat' dir='ltr'><strong>genii</strong></span> <span class='ocrx_word' id='word_1_109' title='bbox 1967 845 1979 866; x_wconf 83' lang='lat'>‚</span> <span class='ocrx_word' id='word_1_110' title='bbox 2006 828 2130 861; x_wconf 89' lang='lat' dir='ltr'><strong>cun-</strong></span> 
     </span>
     <span class='ocr_line' id='line_1_13' title="bbox 343 871 2128 939; baseline -0.001 -14"><span class='ocrx_word' id='word_1_111' title='bbox 343 877 422 925; x_wconf 67' lang='lat' dir='ltr'><strong>aa</strong></span> <span class='ocrx_word' id='word_1_112' title='bbox 443 871 746 924; x_wconf 87' lang='lat' dir='ltr'><strong>fastidientis.</strong></span> <span class='ocrx_word' id='word_1_113' title='bbox 816 874 976 931; x_wconf 80' lang='lat' dir='ltr'><strong>Hujus</strong></span> <span class='ocrx_word' id='word_1_114' title='bbox 1000 876 1146 938; x_wconf 80' lang='lat' dir='ltr'><strong>igitur</strong></span> <span class='ocrx_word' id='word_1_115' title='bbox 1169 874 1392 938; x_wconf 84' lang='lat' dir='ltr'><strong>palatum</strong></span> <span class='ocrx_word' id='word_1_116' title='bbox 1412 890 1475 922; x_wconf 87' lang='lat' dir='ltr'><strong>ne</strong></span> <span class='ocrx_word' id='word_1_117' title='bbox 1500 874 1695 938; x_wconf 77' lang='lat' dir='ltr'><strong>penituS</strong></span> <span class='ocrx_word' id='word_1_118' title='bbox 1719 890 2128 939; x_wconf 75' lang='lat' dir='ltr'><strong>corrumpamus,</strong></span> 
     </span>
     <span class='ocr_line' id='line_1_14' title="bbox 345 934 2126 999; baseline -0.001 -11"><span class='ocrx_word' id='word_1_119' title='bbox 345 955 405 988; x_wconf 84' lang='lat' dir='ltr'><strong>ea</strong></span> <span class='ocrx_word' id='word_1_120' title='bbox 428 937 601 987; x_wconf 85' lang='lat' dir='ltr'><strong>afferre</strong></span> <span class='ocrx_word' id='word_1_121' title='bbox 627 934 696 985; x_wconf 88' lang='lat' dir='ltr'><strong>est</strong></span> <span class='ocrx_word' id='word_1_122' title='bbox 718 938 913 986; x_wconf 90' lang='lat' dir='ltr'><strong>animus</strong></span> <span class='ocrx_word' id='word_1_123' title='bbox 934 970 947 991; x_wconf 94' lang='lat'><strong>,</strong></span> <span class='ocrx_word' id='word_1_124' title='bbox 979 952 1088 999; x_wconf 82' lang='lat' dir='ltr'><strong>quae</strong></span> <span class='ocrx_word' id='word_1_125' title='bbox 1109 949 1221 986; x_wconf 88' lang='lat' dir='ltr'><strong>utut</strong></span> <span class='ocrx_word' id='word_1_126' title='bbox 1238 953 1377 986; x_wconf 90' lang='lat' dir='ltr'><strong>nova</strong></span> <span class='ocrx_word' id='word_1_127' title='bbox 1397 953 1506 986; x_wconf 89' lang='lat' dir='ltr'><strong>non</strong></span> <span class='ocrx_word' id='word_1_128' title='bbox 1528 936 1620 986; x_wconf 85' lang='lat' dir='ltr'><strong>sint</strong></span> <span class='ocrx_word' id='word_1_129' title='bbox 1635 971 1646 991; x_wconf 87' lang='lat'><strong>,</strong></span> <span class='ocrx_word' id='word_1_130' title='bbox 1667 953 1778 985; x_wconf 90' lang='lat' dir='ltr'><strong>non</strong></span> <span class='ocrx_word' id='word_1_131' title='bbox 1800 950 1971 985; x_wconf 89' lang='lat' dir='ltr'><strong>tamen</strong></span> <span class='ocrx_word' id='word_1_132' title='bbox 1991 936 2126 988; x_wconf 75' lang='lat' dir='ltr'><strong>adeo</strong></span> 
     </span>
     <span class='ocr_line' id='line_1_15' title="bbox 347 1001 2127 1064; baseline -0.001 -13"><span class='ocrx_word' id='word_1_133' title='bbox 347 1002 609 1051; x_wconf 86' lang='lat' dir='ltr'><strong>videantur</strong></span> <span class='ocrx_word' id='word_1_134' title='bbox 631 1002 821 1064; x_wconf 82' lang='lat' dir='ltr'><strong>ingrata</strong></span> <span class='ocrx_word' id='word_1_135' title='bbox 837 1033 850 1054; x_wconf 85' lang='lat'><strong>,</strong></span> <span class='ocrx_word' id='word_1_136' title='bbox 878 1013 932 1048; x_wconf 92' lang='lat' dir='ltr'><strong>ut</strong></span> <span class='ocrx_word' id='word_1_137' title='bbox 966 1003 1115 1049; x_wconf 89' lang='lat' dir='ltr'><strong>etiam</strong></span> <span class='ocrx_word' id='word_1_138' title='bbox 1139 1002 1339 1049; x_wconf 88' lang='lat' dir='ltr'><strong>noviter</strong></span> <span class='ocrx_word' id='word_1_139' title='bbox 1360 1002 1567 1064; x_wconf 87' lang='lat' dir='ltr'><strong>repetita</strong></span> <span class='ocrx_word' id='word_1_140' title='bbox 1591 1001 1890 1064; x_wconf 86' lang='lat' dir='ltr'><strong>displiceant.</strong></span> <span class='ocrx_word' id='word_1_141' title='bbox 1980 1002 2127 1054; x_wconf 80' lang='lat' dir='ltr'><strong>Scio,</strong></span> 
     </span>
     <span class='ocr_line' id='line_1_16' title="bbox 346 1062 2131 1128; baseline -0.001 -14"><span class='ocrx_word' id='word_1_142' title='bbox 346 1064 521 1114; x_wconf 88' lang='lat' dir='ltr'><strong>horret</strong></span> <span class='ocrx_word' id='word_1_143' title='bbox 545 1065 712 1121; x_wconf 88' lang='lat' dir='ltr'><strong>junior</strong></span> <span class='ocrx_word' id='word_1_144' title='bbox 733 1076 844 1112; x_wconf 83' lang='lat' dir='ltr'><strong>aetas</strong></span> <span class='ocrx_word' id='word_1_145' title='bbox 864 1065 934 1112; x_wconf 91' lang='lat' dir='ltr'><strong>ire</strong></span> <span class='ocrx_word' id='word_1_146' title='bbox 956 1079 1042 1127; x_wconf 86' lang='lat' dir='ltr'><strong>per</strong></span> <span class='ocrx_word' id='word_1_147' title='bbox 1063 1062 1268 1111; x_wconf 81' lang='lat' dir='ltr'><strong>salebras</strong></span> <span class='ocrx_word' id='word_1_148' title='bbox 1292 1079 1349 1111; x_wconf 91' lang='lat' dir='ltr'><strong>ac</strong></span> <span class='ocrx_word' id='word_1_149' title='bbox 1376 1064 1608 1112; x_wconf 82' lang='lat' dir='ltr'><strong>senticeta</strong></span> <span class='ocrx_word' id='word_1_150' title='bbox 1630 1063 1962 1128; x_wconf 83' lang='lat' dir='ltr'><strong>Philosophiae</strong></span> <span class='ocrx_word' id='word_1_151' title='bbox 1977 1097 1990 1118; x_wconf 88' lang='lat'><strong>,</strong></span> <span class='ocrx_word' id='word_1_152' title='bbox 2020 1079 2131 1126; x_wconf 83' lang='lat' dir='ltr'><strong>quae</strong></span> 
     </span>
     <span class='ocr_line' id='line_1_17' title="bbox 349 1126 2134 1191; baseline -0.001 -15"><span class='ocrx_word' id='word_1_153' title='bbox 349 1127 475 1177; x_wconf 88' lang='lat' dir='ltr'><strong>dum</strong></span> <span class='ocrx_word' id='word_1_154' title='bbox 495 1129 756 1191; x_wconf 78' lang='lat' dir='ltr'><strong>ingenium</strong></span> <span class='ocrx_word' id='word_1_155' title='bbox 780 1139 993 1179; x_wconf 88' lang='lat' dir='ltr'><strong>acuunt,</strong></span> <span class='ocrx_word' id='word_1_156' title='bbox 1019 1139 1265 1189; x_wconf 82' lang='lat' dir='ltr'><strong>pungunt.</strong></span> <span class='ocrx_word' id='word_1_157' title='bbox 1358 1127 1607 1182; x_wconf 78' lang='lat' dir='ltr'><strong>Genium,</strong></span> <span class='ocrx_word' id='word_1_158' title='bbox 1631 1129 1681 1177; x_wconf 67' lang='grc' dir='ltr'><strong>ὃς</strong></span> <span class='ocrx_word' id='word_1_159' title='bbox 1712 1143 1822 1175; x_wconf 91' lang='lat' dir='ltr'><strong>non</strong></span> <span class='ocrx_word' id='word_1_160' title='bbox 1849 1126 1963 1176; x_wconf 75' lang='lat' dir='ltr'><strong>raro</strong></span> <span class='ocrx_word' id='word_1_161' title='bbox 1996 1130 2134 1190; x_wconf 77' lang='lat' dir='ltr'><strong>inge-</strong></span> 
     </span>
     <span class='ocr_line' id='line_1_18' title="bbox 348 1187 2135 1254; baseline -0.002 -15"><span class='ocrx_word' id='word_1_162' title='bbox 348 1194 493 1240; x_wconf 88' lang='lat' dir='ltr'><strong>nium</strong></span> <span class='ocrx_word' id='word_1_163' title='bbox 514 1191 742 1254; x_wconf 88' lang='lat' dir='ltr'><strong>superant</strong></span> <span class='ocrx_word' id='word_1_164' title='bbox 778 1189 1006 1237; x_wconf 87' lang='lat' dir='ltr'><strong>sublimia</strong></span> <span class='ocrx_word' id='word_1_165' title='bbox 1036 1201 1238 1253; x_wconf 87' lang='lat' dir='ltr'><strong>propter</strong></span> <span class='ocrx_word' id='word_1_166' title='bbox 1277 1188 1595 1238; x_wconf 82' lang='lat' dir='ltr'><strong>subtilitatem</strong></span> <span class='ocrx_word' id='word_1_167' title='bbox 1624 1226 1636 1240; x_wconf 86' lang='lat'><strong>,</strong></span> <span class='ocrx_word' id='word_1_168' title='bbox 1674 1187 1888 1239; x_wconf 85' lang='lat' dir='ltr'><strong>abstrusa</strong></span> <span class='ocrx_word' id='word_1_169' title='bbox 1924 1201 2135 1254; x_wconf 83' lang='lat' dir='ltr'><strong>propter</strong></span> 
     </span>
     <span class='ocr_line' id='line_1_19' title="bbox 349 1250 2136 1317; baseline -0.002 -14"><span class='ocrx_word' id='word_1_170' title='bbox 349 1254 766 1317; x_wconf 85' lang='lat' dir='ltr'><strong>profunditatem,</strong></span> <span class='ocrx_word' id='word_1_171' title='bbox 791 1267 900 1316; x_wconf 83' lang='lat' dir='ltr'><strong>quae</strong></span> <span class='ocrx_word' id='word_1_172' title='bbox 920 1251 1132 1316; x_wconf 80' lang='lat' dir='ltr'><strong>pridem,</strong></span> <span class='ocrx_word' id='word_1_173' title='bbox 1147 1250 1343 1299; x_wconf 86' lang='lat' dir='ltr'><strong>summa</strong></span> <span class='ocrx_word' id='word_1_174' title='bbox 1364 1252 1511 1300; x_wconf 85' lang='lat' dir='ltr'><strong>laude</strong></span> <span class='ocrx_word' id='word_1_175' title='bbox 1526 1286 1539 1306; x_wconf 91' lang='lat'><strong>,</strong></span> <span class='ocrx_word' id='word_1_176' title='bbox 1561 1252 1905 1301; x_wconf 84' lang='lat' dir='ltr'><strong>enodaverant</strong></span> <span class='ocrx_word' id='word_1_177' title='bbox 1927 1253 2012 1306; x_wconf 90' lang='lat' dir='ltr'><strong>illi,</strong></span> <span class='ocrx_word' id='word_1_178' title='bbox 2027 1254 2136 1314; x_wconf 87' lang='lat' dir='ltr'><strong>qui-</strong></span> 
     </span>
     <span class='ocr_line' id='line_1_20' title="bbox 349 1313 2140 1380; baseline -0.002 -14"><span class='ocrx_word' id='word_1_179' title='bbox 349 1319 443 1367; x_wconf 90' lang='lat' dir='ltr'><strong>bus</strong></span> <span class='ocrx_word' id='word_1_180' title='bbox 464 1316 646 1380; x_wconf 74' lang='lat' dir='ltr'><strong>ingenii</strong></span> <span class='ocrx_word' id='word_1_181' title='bbox 674 1317 801 1363; x_wconf 86' lang='lat' dir='ltr'><strong>acies</strong></span> <span class='ocrx_word' id='word_1_182' title='bbox 831 1330 924 1379; x_wconf 89' lang='lat' dir='ltr'><strong>pro</strong></span> <span class='ocrx_word' id='word_1_183' title='bbox 948 1313 1224 1363; x_wconf 82' lang='lat' dir='ltr'><strong>Alexandri</strong></span> <span class='ocrx_word' id='word_1_184' title='bbox 1255 1314 1424 1377; x_wconf 80' lang='lat' dir='ltr'><strong>gladio</strong></span> <span class='ocrx_word' id='word_1_185' title='bbox 1447 1317 1556 1364; x_wconf 88' lang='lat' dir='ltr'><strong>fuit.</strong></span> <span class='ocrx_word' id='word_1_186' title='bbox 1660 1314 1827 1365; x_wconf 88' lang='lat' dir='ltr'><strong>Nobis</strong></span> <span class='ocrx_word' id='word_1_187' title='bbox 1858 1331 1915 1363; x_wconf 90' lang='lat' dir='ltr'><strong>ea</strong></span> <span class='ocrx_word' id='word_1_188' title='bbox 1937 1315 2140 1380; x_wconf 87' lang='lat' dir='ltr'><strong>praepla-</strong></span> 
     </span>
     <span class='ocr_line' id='line_1_21' title="bbox 351 1373 2139 1441; baseline -0.002 -11"><span class='ocrx_word' id='word_1_189' title='bbox 351 1382 455 1430; x_wconf 87' lang='lat' dir='ltr'><strong>cuit</strong></span> <span class='ocrx_word' id='word_1_190' title='bbox 476 1379 663 1432; x_wconf 90' lang='lat' dir='ltr'><strong>semita,</strong></span> <span class='ocrx_word' id='word_1_191' title='bbox 677 1393 786 1441; x_wconf 81' lang='lat' dir='ltr'><strong>quae</strong></span> <span class='ocrx_word' id='word_1_192' title='bbox 800 1374 883 1426; x_wconf 68' lang='lat' dir='ltr'><strong>sua</strong></span> <span class='ocrx_word' id='word_1_193' title='bbox 904 1377 1105 1441; x_wconf 83' lang='lat' dir='ltr'><strong>planitie</strong></span> <span class='ocrx_word' id='word_1_194' title='bbox 1128 1373 1258 1425; x_wconf 79' lang='lat' dir='ltr'><strong>adeo</strong></span> <span class='ocrx_word' id='word_1_195' title='bbox 1283 1393 1393 1425; x_wconf 87' lang='lat' dir='ltr'><strong>non</strong></span> <span class='ocrx_word' id='word_1_196' title='bbox 1407 1375 1714 1430; x_wconf 85' lang='lat' dir='ltr'><strong>absterreret,</strong></span> <span class='ocrx_word' id='word_1_197' title='bbox 1731 1390 1785 1425; x_wconf 91' lang='lat' dir='ltr'><strong>ut</strong></span> <span class='ocrx_word' id='word_1_198' title='bbox 1808 1380 1960 1427; x_wconf 83' lang='lat' dir='ltr'><strong>etiam</strong></span> <span class='ocrx_word' id='word_1_199' title='bbox 1974 1393 2139 1431; x_wconf 84' lang='lat' dir='ltr'><strong>amoe-</strong></span> 
     </span>
     <span class='ocr_line' id='line_1_22' title="bbox 351 1439 2136 1505; baseline -0.002 -14"><span class='ocrx_word' id='word_1_200' title='bbox 351 1445 504 1494; x_wconf 84' lang='lat' dir='ltr'><strong>nitate</strong></span> <span class='ocrx_word' id='word_1_201' title='bbox 528 1442 762 1491; x_wconf 88' lang='lat' dir='ltr'><strong>alliceret.</strong></span> <span class='ocrx_word' id='word_1_202' title='bbox 832 1439 1097 1504; x_wconf 86' lang='lat' dir='ltr'><strong>Eripienda</strong></span> <span class='ocrx_word' id='word_1_203' title='bbox 1127 1455 1313 1505; x_wconf 83' lang='lat' dir='ltr'><strong>nempe</strong></span> <span class='ocrx_word' id='word_1_204' title='bbox 1336 1440 1627 1504; x_wconf 85' lang='lat' dir='ltr'><strong>Tyronibus</strong></span> <span class='ocrx_word' id='word_1_205' title='bbox 1656 1453 1761 1487; x_wconf 89' lang='lat' dir='ltr'><strong>tam</strong></span> <span class='ocrx_word' id='word_1_206' title='bbox 1791 1457 1945 1494; x_wconf 80' lang='lat' dir='ltr'><strong>vana,</strong></span> <span class='ocrx_word' id='word_1_207' title='bbox 1977 1440 2136 1502; x_wconf 75' lang='lat' dir='ltr'><strong>quam</strong></span> 
     </span>
     <span class='ocr_line' id='line_1_23' title="bbox 351 1502 2138 1571; baseline -0.002 -17"><span class='ocrx_word' id='word_1_208' title='bbox 351 1505 618 1571; x_wconf 86' lang='lat' dir='ltr'><strong>pernitiosa</strong></span> <span class='ocrx_word' id='word_1_209' title='bbox 640 1502 902 1569; x_wconf 79' lang='lat' dir='ltr'><strong>persuasio,</strong></span> <span class='ocrx_word' id='word_1_210' title='bbox 919 1518 1016 1566; x_wconf 84' lang='lat' dir='ltr'><strong>qua</strong></span> <span class='ocrx_word' id='word_1_211' title='bbox 1030 1502 1407 1568; x_wconf 83' lang='lat' dir='ltr'><strong>Philosophiam</strong></span> <span class='ocrx_word' id='word_1_212' title='bbox 1429 1503 1517 1551; x_wconf 79' lang='lat' dir='ltr'><strong>sibi</strong></span> <span class='ocrx_word' id='word_1_213' title='bbox 1535 1502 1731 1567; x_wconf 80' lang='lat' dir='ltr'><strong>fingunt</strong></span> <span class='ocrx_word' id='word_1_214' title='bbox 1752 1502 1974 1553; x_wconf 84' lang='lat' dir='ltr'><strong>severam</strong></span> <span class='ocrx_word' id='word_1_215' title='bbox 1996 1504 2138 1551; x_wconf 85' lang='lat' dir='ltr'><strong>fron-</strong></span> 
     </span>
     <span class='ocr_line' id='line_1_24' title="bbox 352 1561 2137 1633; baseline -0.001 -16"><span class='ocrx_word' id='word_1_216' title='bbox 352 1582 404 1617; x_wconf 89' lang='lat' dir='ltr'><strong>te</strong></span> <span class='ocrx_word' id='word_1_217' title='bbox 419 1602 433 1622; x_wconf 88' lang='lat'><strong>,</strong></span> <span class='ocrx_word' id='word_1_218' title='bbox 457 1569 716 1633; x_wconf 86' lang='lat' dir='ltr'><strong>supercilio</strong></span> <span class='ocrx_word' id='word_1_219' title='bbox 740 1568 985 1631; x_wconf 80' lang='lat' dir='ltr'><strong>asperam,</strong></span> <span class='ocrx_word' id='word_1_220' title='bbox 1007 1566 1250 1623; x_wconf 87' lang='lat' dir='ltr'><strong>jejunam,</strong></span> <span class='ocrx_word' id='word_1_221' title='bbox 1271 1561 1536 1628; x_wconf 84' lang='lat' dir='ltr'><strong>macie&#39;que</strong></span> <span class='ocrx_word' id='word_1_222' title='bbox 1556 1565 1752 1631; x_wconf 78' lang='lat' dir='ltr'><strong>penitus</strong></span> <span class='ocrx_word' id='word_1_223' title='bbox 1781 1566 2137 1620; x_wconf 82' lang='lat' dir='ltr'><strong>exsuccam,ir1</strong></span> 
     </span>
     <span class='ocr_line' id='line_1_25' title="bbox 353 1627 2131 1695; baseline -0.002 -15"><span class='ocrx_word' id='word_1_224' title='bbox 353 1630 608 1682; x_wconf 83' lang='lat' dir='ltr'><strong>salebrofis</strong></span> <span class='ocrx_word' id='word_1_225' title='bbox 659 1630 830 1695; x_wconf 84' lang='lat' dir='ltr'><strong>Lybiae</strong></span> <span class='ocrx_word' id='word_1_226' title='bbox 870 1630 1065 1678; x_wconf 87' lang='lat' dir='ltr'><strong>desertis</strong></span> <span class='ocrx_word' id='word_1_227' title='bbox 1114 1630 1312 1678; x_wconf 87' lang='lat' dir='ltr'><strong>exulem</strong></span> <span class='ocrx_word' id='word_1_228' title='bbox 1351 1629 1517 1693; x_wconf 75' lang='lat' dir='ltr'><strong>potius</strong></span> <span class='ocrx_word' id='word_1_229' title='bbox 1536 1662 1550 1683; x_wconf 88' lang='lat'><strong>,</strong></span> <span class='ocrx_word' id='word_1_230' title='bbox 1594 1627 1749 1692; x_wconf 77' lang='lat' dir='ltr'><strong>quam</strong></span> <span class='ocrx_word' id='word_1_231' title='bbox 1789 1632 2131 1694; x_wconf 83' lang='lat' dir='ltr'><strong>peregrinam:</strong></span> 
     </span>
     <span class='ocr_line' id='line_1_26' title="bbox 353 1690 2138 1757; baseline -0.002 -13"><span class='ocrx_word' id='word_1_232' title='bbox 353 1694 529 1745; x_wconf 71' lang='lat' dir='ltr'><strong>sci-ant,</strong></span> <span class='ocrx_word' id='word_1_233' title='bbox 552 1693 618 1742; x_wconf 85' lang='lat' dir='ltr'><strong>fic</strong></span> <span class='ocrx_word' id='word_1_234' title='bbox 643 1693 880 1756; x_wconf 85' lang='lat' dir='ltr'><strong>equidem</strong></span> <span class='ocrx_word' id='word_1_235' title='bbox 905 1692 996 1741; x_wconf 80' lang='lat' dir='ltr'><strong>suis</strong></span> <span class='ocrx_word' id='word_1_236' title='bbox 1015 1692 1301 1740; x_wconf 86' lang='lat' dir='ltr'><strong>redimitam</strong></span> <span class='ocrx_word' id='word_1_237' title='bbox 1329 1694 1470 1757; x_wconf 84' lang='lat' dir='ltr'><strong>spinis</strong></span> <span class='ocrx_word' id='word_1_238' title='bbox 1485 1726 1497 1747; x_wconf 87' lang='lat'><strong>,</strong></span> <span class='ocrx_word' id='word_1_239' title='bbox 1524 1704 1578 1741; x_wconf 78' lang='lat' dir='ltr'><strong>ut</strong></span> <span class='ocrx_word' id='word_1_240' title='bbox 1597 1705 1768 1741; x_wconf 90' lang='lat' dir='ltr'><strong>tamen</strong></span> <span class='ocrx_word' id='word_1_241' title='bbox 1790 1690 2138 1742; x_wconf 83' lang='lat' dir='ltr'><strong>amoeniffimis</strong></span> 
     </span>
     <span class='ocr_line' id='line_1_27' title="bbox 355 1754 2137 1822; baseline -0.001 -17"><span class='ocrx_word' id='word_1_242' title='bbox 355 1759 537 1822; x_wconf 86' lang='lat' dir='ltr'><strong>pariter</strong></span> <span class='ocrx_word' id='word_1_243' title='bbox 561 1757 769 1805; x_wconf 87' lang='lat' dir='ltr'><strong>floribus</strong></span> <span class='ocrx_word' id='word_1_244' title='bbox 788 1755 1033 1805; x_wconf 81' lang='lat' dir='ltr'><strong>abundet:</strong></span> <span class='ocrx_word' id='word_1_245' title='bbox 1072 1754 1136 1803; x_wconf 83' lang='lat' dir='ltr'><strong>sic</strong></span> <span class='ocrx_word' id='word_1_246' title='bbox 1155 1755 1517 1820; x_wconf 81' lang='lat' dir='ltr'><strong>confragosum</strong></span> <span class='ocrx_word' id='word_1_247' title='bbox 1543 1754 1635 1804; x_wconf 80' lang='lat' dir='ltr'><strong>effe</strong></span> <span class='ocrx_word' id='word_1_248' title='bbox 1655 1756 1864 1810; x_wconf 87' lang='lat' dir='ltr'><strong>aditum,</strong></span> <span class='ocrx_word' id='word_1_249' title='bbox 1889 1768 1943 1804; x_wconf 92' lang='lat' dir='ltr'><strong>ut</strong></span> <span class='ocrx_word' id='word_1_250' title='bbox 1962 1768 2137 1804; x_wconf 86' lang='lat' dir='ltr'><strong>tamen</strong></span> 
     </span>
     <span class='ocr_line' id='line_1_28' title="bbox 356 1817 2140 1883; baseline -0.002 -13"><span class='ocrx_word' id='word_1_251' title='bbox 356 1825 411 1870; x_wconf 87' lang='lat' dir='ltr'><strong>in</strong></span> <span class='ocrx_word' id='word_1_252' title='bbox 431 1817 668 1869; x_wconf 71' lang='lat' dir='ltr'><strong>laetissima</strong></span> <span class='ocrx_word' id='word_1_253' title='bbox 700 1819 953 1882; x_wconf 87' lang='lat' dir='ltr'><strong>hospitem</strong></span> <span class='ocrx_word' id='word_1_254' title='bbox 974 1821 1128 1867; x_wconf 87' lang='lat' dir='ltr'><strong>vireta</strong></span> <span class='ocrx_word' id='word_1_255' title='bbox 1151 1819 1357 1867; x_wconf 89' lang='lat' dir='ltr'><strong>tandem</strong></span> <span class='ocrx_word' id='word_1_256' title='bbox 1388 1819 1618 1868; x_wconf 84' lang='lat' dir='ltr'><strong>deducat.</strong></span> <span class='ocrx_word' id='word_1_257' title='bbox 1719 1819 2044 1883; x_wconf 84' lang='lat' dir='ltr'><strong>Qapropter</strong></span> <span class='ocrx_word' id='word_1_258' title='bbox 2072 1817 2140 1867; x_wconf 80' lang='lat' dir='ltr'><strong>fic</strong></span> 
     </span>
     <span class='ocr_line' id='line_1_29' title="bbox 358 1878 2142 1946; baseline -0.001 -14"><span class='ocrx_word' id='word_1_259' title='bbox 358 1899 568 1932; x_wconf 87' lang='lat' dir='ltr'><strong>mecum</strong></span> <span class='ocrx_word' id='word_1_260' title='bbox 589 1880 1126 1945; x_wconf 86' lang='lat' dir='ltr'><strong>statui,Philosophum</strong></span> <span class='ocrx_word' id='word_1_261' title='bbox 1150 1878 1305 1930; x_wconf 88' lang='lat' dir='ltr'><strong>nostri</strong></span> <span class='ocrx_word' id='word_1_262' title='bbox 1326 1884 1566 1946; x_wconf 88' lang='lat' dir='ltr'><strong>temporis</strong></span> <span class='ocrx_word' id='word_1_263' title='bbox 1588 1894 1699 1930; x_wconf 89' lang='lat' dir='ltr'><strong>tum</strong></span> <span class='ocrx_word' id='word_1_264' title='bbox 1724 1882 1934 1930; x_wconf 88' lang='lat' dir='ltr'><strong>demum</strong></span> <span class='ocrx_word' id='word_1_265' title='bbox 1959 1881 2142 1930; x_wconf 72' lang='lat' dir='ltr'><strong>utiliter</strong></span> 
     </span>
     <span class='ocr_line' id='line_1_30' title="bbox 360 1939 2141 2012; baseline 0.002 -18"><span class='ocrx_word' id='word_1_266' title='bbox 360 1948 514 2012; x_wconf 86' lang='lat' dir='ltr'><strong>aptari</strong></span> <span class='ocrx_word' id='word_1_267' title='bbox 532 1945 881 2010; x_wconf 69' lang='lat' dir='ltr'><strong>Philosophiae,</strong></span> <span class='ocrx_word' id='word_1_268' title='bbox 905 1945 940 1993; x_wconf 87' lang='lat' dir='ltr'>fi</span> <span class='ocrx_word' id='word_1_269' title='bbox 958 1945 1026 1994; x_wconf 83' lang='lat' dir='ltr'><strong>illi</strong></span> <span class='ocrx_word' id='word_1_270' title='bbox 1047 1947 1226 2009; x_wconf 87' lang='lat' dir='ltr'><strong>pariter</strong></span> <span class='ocrx_word' id='word_1_271' title='bbox 1248 1945 1787 2010; x_wconf 76' lang='lat' dir='ltr'><strong>ipsaaccommodetur</strong></span> <span class='ocrx_word' id='word_1_272' title='bbox 1800 1939 2141 2008; x_wconf 72' lang='lat' dir='ltr'><strong>Philosophia,</strong></span> 
     </span>
     <span class='ocr_line' id='line_1_31' title="bbox 360 2005 2138 2073; baseline -0.002 -15"><span class='ocrx_word' id='word_1_273' title='bbox 360 2005 557 2071; x_wconf 84' lang='lat' dir='ltr'><strong>suisque</strong></span> <span class='ocrx_word' id='word_1_274' title='bbox 577 2011 749 2073; x_wconf 82' lang='lat' dir='ltr'><strong>genius</strong></span> <span class='ocrx_word' id='word_1_275' title='bbox 775 2008 1016 2056; x_wconf 89' lang='lat' dir='ltr'><strong>inescetur</strong></span> <span class='ocrx_word' id='word_1_276' title='bbox 1037 2008 1271 2071; x_wconf 74' lang='lat' dir='ltr'><strong>cupediis,</strong></span> <span class='ocrx_word' id='word_1_277' title='bbox 1296 2008 1515 2057; x_wconf 89' lang='lat' dir='ltr'><strong>curiosus</strong></span> <span class='ocrx_word' id='word_1_278' title='bbox 1538 2008 1718 2057; x_wconf 89' lang='lat' dir='ltr'><strong>scilicet</strong></span> <span class='ocrx_word' id='word_1_279' title='bbox 1738 2006 1957 2056; x_wconf 84' lang='lat' dir='ltr'><strong>curiofis.</strong></span> <span class='ocrx_word' id='word_1_280' title='bbox 2006 2009 2138 2058; x_wconf 85' lang='lat' dir='ltr'><strong>Non</strong></span> 
     </span>
     <span class='ocr_line' id='line_1_32' title="bbox 208 2070 2135 2141; baseline -0.002 -21"><span class='ocrx_word' id='word_1_281' title='bbox 208 2092 355 2141; x_wconf 56' lang='lat' dir='ltr'><em>findi,</em></span> <span class='ocrx_word' id='word_1_282' title='bbox 367 2074 502 2120; x_wconf 87' lang='lat' dir='ltr'><strong>enirn</strong></span> <span class='ocrx_word' id='word_1_283' title='bbox 523 2070 858 2136; x_wconf 83' lang='lat' dir='ltr'><strong>Philosophos</strong></span> <span class='ocrx_word' id='word_1_284' title='bbox 882 2073 1039 2134; x_wconf 83' lang='lat' dir='ltr'><strong>tangit</strong></span> <span class='ocrx_word' id='word_1_285' title='bbox 1057 2071 1179 2119; x_wconf 85' lang='lat' dir='ltr'><strong>illud</strong></span> <span class='ocrx_word' id='word_1_286' title='bbox 1194 2071 1492 2125; x_wconf 79' lang='lat' dir='ltr'><strong>Graculum,</strong></span> <span class='ocrx_word' id='word_1_287' title='bbox 1514 2071 1622 2135; x_wconf 60' lang='lat' dir='ltr'><strong>quad</strong></span> <span class='ocrx_word' id='word_1_288' title='bbox 1642 2071 1725 2131; x_wconf 87' lang='lat' dir='ltr'><strong>Dij</strong></span> <span class='ocrx_word' id='word_1_289' title='bbox 1746 2072 1913 2123; x_wconf 83' lang='lat' dir='ltr'><strong>oderint</strong></span> <span class='ocrx_word' id='word_1_290' title='bbox 1931 2071 2135 2127; x_wconf 73' lang='lat' dir='ltr'><strong>curiofhs:</strong></span> 
     </span>
     <span class='ocr_line' id='line_1_33' title="bbox 207 2133 2141 2202; baseline -0.001 -18"><span class='ocrx_word' id='word_1_291' title='bbox 207 2157 276 2202; x_wconf 57' lang='lat' dir='ltr'><strong>ges</strong></span> <span class='ocrx_word' id='word_1_292' title='bbox 365 2134 446 2184; x_wconf 91' lang='lat' dir='ltr'><strong>sed</strong></span> <span class='ocrx_word' id='word_1_293' title='bbox 473 2135 751 2189; x_wconf 75' lang='lat' dir='ltr'><strong>curiositas,</strong></span> <span class='ocrx_word' id='word_1_294' title='bbox 780 2134 894 2183; x_wconf 75' lang='lat' dir='ltr'><strong>alias</strong></span> <span class='ocrx_word' id='word_1_295' title='bbox 919 2136 1096 2184; x_wconf 82' lang='lat' dir='ltr'><strong>vitium</strong></span> <span class='ocrx_word' id='word_1_296' title='bbox 1113 2167 1126 2188; x_wconf 83' lang='lat'><strong>,</strong></span> <span class='ocrx_word' id='word_1_297' title='bbox 1152 2135 1204 2182; x_wconf 89' lang='lat' dir='ltr'><strong>in</strong></span> <span class='ocrx_word' id='word_1_298' title='bbox 1226 2133 1547 2199; x_wconf 85' lang='lat' dir='ltr'><strong>Philosophia</strong></span> <span class='ocrx_word' id='word_1_299' title='bbox 1574 2135 1762 2184; x_wconf 84' lang='lat' dir='ltr'><strong>virtutis</strong></span> <span class='ocrx_word' id='word_1_300' title='bbox 1794 2136 2007 2182; x_wconf 87' lang='lat' dir='ltr'><strong>nomine</strong></span> <span class='ocrx_word' id='word_1_301' title='bbox 2030 2135 2141 2197; x_wconf 82' lang='lat' dir='ltr'><strong>glo-</strong></span> 
     </span>
     <span class='ocr_line' id='line_1_34' title="bbox 278 2189 2141 2261; baseline -0.001 -14"><span class='ocrx_word' id='word_1_302' title='bbox 278 2189 292 2207; x_wconf 69' lang='lat'><em>&#39;</em></span> <span class='ocrx_word' id='word_1_303' title='bbox 363 2200 530 2248; x_wconf 88' lang='lat' dir='ltr'><strong>riatur.</strong></span> <span class='ocrx_word' id='word_1_304' title='bbox 599 2200 660 2247; x_wconf 87' lang='lat' dir='ltr'><strong>Et</strong></span> <span class='ocrx_word' id='word_1_305' title='bbox 681 2200 796 2260; x_wconf 85' lang='lat' dir='ltr'><strong>quia</strong></span> <span class='ocrx_word' id='word_1_306' title='bbox 820 2198 883 2246; x_wconf 88' lang='lat' dir='ltr'><strong>ad</strong></span> <span class='ocrx_word' id='word_1_307' title='bbox 907 2197 1128 2246; x_wconf 86' lang='lat' dir='ltr'><strong>eruditos</strong></span> <span class='ocrx_word' id='word_1_308' title='bbox 1149 2197 1382 2247; x_wconf 87' lang='lat' dir='ltr'><strong>discursus</strong></span> <span class='ocrx_word' id='word_1_309' title='bbox 1399 2209 1479 2245; x_wconf 88' lang='lat' dir='ltr'><strong>tot</strong></span> <span class='ocrx_word' id='word_1_310' title='bbox 1499 2197 1792 2261; x_wconf 83' lang='lat' dir='ltr'><strong>ambagibus</strong></span> <span class='ocrx_word' id='word_1_311' title='bbox 1814 2198 1964 2245; x_wconf 89' lang='lat' dir='ltr'><strong>currit</strong></span> <span class='ocrx_word' id='word_1_312' title='bbox 1983 2197 2141 2260; x_wconf 83' lang='lat' dir='ltr'><strong>polita</strong></span> 
     </span>
     <span class='ocr_line' id='line_1_35' title="bbox 363 2257 2141 2325; baseline -0.001 -15"><span class='ocrx_word' id='word_1_313' title='bbox 363 2257 522 2310; x_wconf 87' lang='lat' dir='ltr'><strong>nostri</strong></span> <span class='ocrx_word' id='word_1_314' title='bbox 544 2259 700 2308; x_wconf 83' lang='lat' dir='ltr'><strong>saeculi</strong></span> <span class='ocrx_word' id='word_1_315' title='bbox 724 2274 859 2314; x_wconf 84' lang='lat' dir='ltr'><strong>aetas,</strong></span> <span class='ocrx_word' id='word_1_316' title='bbox 882 2260 995 2309; x_wconf 89' lang='lat' dir='ltr'><strong>sciat</strong></span> <span class='ocrx_word' id='word_1_317' title='bbox 1010 2294 1022 2314; x_wconf 89' lang='lat'><strong>,</strong></span> <span class='ocrx_word' id='word_1_318' title='bbox 1047 2276 1157 2309; x_wconf 92' lang='lat' dir='ltr'><strong>non</strong></span> <span class='ocrx_word' id='word_1_319' title='bbox 1179 2259 1266 2309; x_wconf 81' lang='lat' dir='ltr'><strong>nisi</strong></span> <span class='ocrx_word' id='word_1_320' title='bbox 1298 2262 1349 2309; x_wconf 90' lang='lat' dir='ltr'><strong>in</strong></span> <span class='ocrx_word' id='word_1_321' title='bbox 1376 2259 1696 2325; x_wconf 83' lang='lat' dir='ltr'><strong>Philosophia</strong></span> <span class='ocrx_word' id='word_1_322' title='bbox 1719 2260 2141 2324; x_wconf 85' lang='lat' dir='ltr'><strong>compendiosam</strong></span> 
     </span>
     <span class='ocr_line' id='line_1_36' title="bbox 361 2320 2135 2389; baseline -0.001 -17"><span class='ocrx_word' id='word_1_323' title='bbox 361 2320 531 2389; x_wconf 72' lang='lat' dir='ltr'><strong>patere</strong></span> <span class='ocrx_word' id='word_1_324' title='bbox 552 2323 803 2371; x_wconf 89' lang='lat' dir='ltr'><strong>semitam:</strong></span> <span class='ocrx_word' id='word_1_325' title='bbox 841 2323 1091 2388; x_wconf 89' lang='lat' dir='ltr'><strong>hospitem</strong></span> <span class='ocrx_word' id='word_1_326' title='bbox 1112 2326 1164 2372; x_wconf 91' lang='lat' dir='ltr'><strong>in</strong></span> <span class='ocrx_word' id='word_1_327' title='bbox 1188 2325 1419 2389; x_wconf 88' lang='lat' dir='ltr'><strong>Peripato</strong></span> <span class='ocrx_word' id='word_1_328' title='bbox 1441 2323 1628 2380; x_wconf 87' lang='lat' dir='ltr'><strong>judica,</strong></span> <span class='ocrx_word' id='word_1_329' title='bbox 1649 2322 1685 2372; x_wconf 87' lang='lat' dir='ltr'><strong>fi</strong></span> <span class='ocrx_word' id='word_1_330' title='bbox 1706 2338 1862 2385; x_wconf 90' lang='lat' dir='ltr'><strong>quem</strong></span> <span class='ocrx_word' id='word_1_331' title='bbox 1881 2323 2135 2384; x_wconf 83' lang='lat' dir='ltr'><strong>vides,qui</strong></span> 
     </span>
     <span class='ocr_line' id='line_1_37' title="bbox 367 2383 2137 2451; baseline -0.001 -17"><span class='ocrx_word' id='word_1_332' title='bbox 367 2386 588 2435; x_wconf 87' lang='lat' dir='ltr'><strong>eruditos</strong></span> <span class='ocrx_word' id='word_1_333' title='bbox 612 2387 765 2439; x_wconf 92' lang='lat' dir='ltr'><strong>inter,</strong></span> <span class='ocrx_word' id='word_1_334' title='bbox 788 2386 943 2435; x_wconf 86' lang='lat' dir='ltr'><strong>hianti</strong></span> <span class='ocrx_word' id='word_1_335' title='bbox 966 2402 1074 2440; x_wconf 89' lang='lat' dir='ltr'><strong>ore,</strong></span> <span class='ocrx_word' id='word_1_336' title='bbox 1096 2385 1332 2438; x_wconf 83' lang='lat' dir='ltr'><strong>balbutit,</strong></span> <span class='ocrx_word' id='word_1_337' title='bbox 1353 2387 1436 2445; x_wconf 58' lang='lat' dir='ltr'><strong>‚vel</strong></span> <span class='ocrx_word' id='word_1_338' title='bbox 1455 2383 1640 2451; x_wconf 88' lang='lat' dir='ltr'><strong>stupet:</strong></span> <span class='ocrx_word' id='word_1_339' title='bbox 1676 2385 2009 2450; x_wconf 87' lang='lat' dir='ltr'><strong>Philosophus</strong></span> <span class='ocrx_word' id='word_1_340' title='bbox 2025 2399 2137 2434; x_wconf 88' lang='lat' dir='ltr'><strong>non</strong></span> 
     </span>
     <span class='ocr_line' id='line_1_38' title="bbox 367 2445 2130 2513; baseline 0.001 -18"><span class='ocrx_word' id='word_1_341' title='bbox 367 2445 453 2502; x_wconf 87' lang='lat' dir='ltr'><strong>est,</strong></span> <span class='ocrx_word' id='word_1_342' title='bbox 466 2463 621 2511; x_wconf 89' lang='lat' dir='ltr'><strong>quem</strong></span> <span class='ocrx_word' id='word_1_343' title='bbox 640 2450 692 2496; x_wconf 89' lang='lat' dir='ltr'><strong>in</strong></span> <span class='ocrx_word' id='word_1_344' title='bbox 712 2448 815 2497; x_wconf 88' lang='lat' dir='ltr'><strong>hoc</strong></span> <span class='ocrx_word' id='word_1_345' title='bbox 835 2450 1016 2498; x_wconf 87' lang='lat' dir='ltr'><strong>mundi</strong></span> <span class='ocrx_word' id='word_1_346' title='bbox 1038 2449 1236 2498; x_wconf 89' lang='lat' dir='ltr'><strong>theatro</strong></span> <span class='ocrx_word' id='word_1_347' title='bbox 1260 2449 1412 2499; x_wconf 84' lang='lat' dir='ltr'><strong>verba</strong></span> <span class='ocrx_word' id='word_1_348' title='bbox 1434 2448 1689 2498; x_wconf 87' lang='lat' dir='ltr'><strong>deficiunt.</strong></span> <span class='ocrx_word' id='word_1_349' title='bbox 1758 2449 1933 2513; x_wconf 91' lang='lat' dir='ltr'><strong>Atque</strong></span> <span class='ocrx_word' id='word_1_350' title='bbox 1948 2461 2004 2498; x_wconf 92' lang='lat' dir='ltr'><strong>ut</strong></span> <span class='ocrx_word' id='word_1_351' title='bbox 2025 2446 2130 2497; x_wconf 90' lang='lat' dir='ltr'><strong>dul-</strong></span> 
     </span>
     <span class='ocr_line' id='line_1_39' title="bbox 368 2509 2136 2585; baseline -0.005 -16"><span class='ocrx_word' id='word_1_352' title='bbox 368 2512 418 2569; x_wconf 66' lang='lat' dir='ltr'><strong>ci</strong></span> <span class='ocrx_word' id='word_1_353' title='bbox 434 2511 726 2569; x_wconf 78' lang='lat' dir='ltr'><strong>misceamus</strong></span> <span class='ocrx_word' id='word_1_354' title='bbox 747 2513 899 2570; x_wconf 78' lang='lat' dir='ltr'><strong>etiam</strong></span> <span class='ocrx_word' id='word_1_355' title='bbox 925 2513 1067 2574; x_wconf 77' lang='lat' dir='ltr'><strong>utile,</strong></span> <span class='ocrx_word' id='word_1_356' title='bbox 1096 2513 1148 2565; x_wconf 84' lang='lat' dir='ltr'><strong>id</strong></span> <span class='ocrx_word' id='word_1_357' title='bbox 1169 2514 1342 2568; x_wconf 82' lang='lat' dir='ltr'><strong>animo</strong></span> <span class='ocrx_word' id='word_1_358' title='bbox 1375 2524 1558 2585; x_wconf 73' lang='lat' dir='ltr'><strong>ratum,</strong></span> <span class='ocrx_word' id='word_1_359' title='bbox 1581 2510 1842 2578; x_wconf 77' lang='lat' dir='ltr'><strong>fixumque</strong></span> <span class='ocrx_word' id='word_1_360' title='bbox 1856 2546 1871 2572; x_wconf 90' lang='lat'><strong>,</strong></span> <span class='ocrx_word' id='word_1_361' title='bbox 1894 2511 1960 2563; x_wconf 83' lang='lat' dir='ltr'><strong>sic</strong></span> <span class='ocrx_word' id='word_1_362' title='bbox 1979 2509 2136 2560; x_wconf 77' lang='lat' dir='ltr'><strong>infor-</strong></span> 
     </span>
     <span class='ocr_line' id='line_1_40' title="bbox 1931 2587 2072 2628; baseline -0.035 0"><span class='ocrx_word' id='word_1_363' title='bbox 1931 2587 2072 2628; x_wconf 61' lang='lat' dir='ltr'><strong>Inar&amp;</strong></span> 
     </span>
    </p>
   </div>
  </div>
 </body>
</html>
