2177 2905
777 108 925 175 -Janm
953 107 1141 175 Biftons.
1651 120 1742 171 215

192 211 392 269 LEUC:
458 206 541 265 De
560 211 662 263 vita
682 210 828 262 simul
852 216 903 273 ὃ(
924 214 1133 279 praemio
1154 211 1481 278 desperarem,
1495 209 1528 262 fi
1548 208 1719 270 iisdem
1738 204 1807 255 le-

97 275 231 332 ibus,
258 279 437 343 quibus
462 278 589 326 olim
621 292 739 326 cum
769 277 1001 341 Oedipo,
1036 292 1242 326 mecum
1268 279 1395 325 inter
1425 280 1472 326 ὅ(
1503 276 1806 341 Sphingem?

105 342 223 391 odie
253 343 565 392 conveniret.
667 343 873 395 Fateor,
893 341 996 390 hoc
1029 341 1305 405 antilogico
1339 340 1586 388 (chemate
1607 373 1622 395 ,
1656 337 1808 388 veluti

59 407 290 469 genuinis
321 403 390 453 est
422 403 635 472 expressa
666 405 925 454 coloribus
945 439 958 456 ,
989 408 1231 470 temporis
1264 404 1487 452 indoles:
1534 402 1807 468 paradoxas

59 464 306 533 praecipue
326 471 486 517 miror
504 469 856 537 proprietates3
893 484 1109 531 quarum
1137 483 1290 518 unam
1305 501 1318 522 ,
1339 470 1388 517 <Sc
1412 467 1619 515 alteram
1640 479 1809 513 mora-

60 533 96 581 li
116 529 299 581 trutina
327 531 362 580 fi
393 532 665 597 expendas,
687 531 757 579 nil
786 532 847 580 ab
876 528 1101 579 instituto
1132 547 1272 585 meo,
1291 527 1490 591 tuoque
1516 530 1664 578 facies
1694 528 1807 576 alie-

56 609 203 643 num.
271 598 429 642 MEL:
497 594 846 645 Vehementer
863 595 1048 659 probo,
1064 593 1226 658 quod,
1239 610 1394 658 quam
1413 594 1650 643 hactenus
1670 605 1806 640 tene-

57 657 178 707 bam
205 657 501 712 docendi2tu
517 674 727 721 quoque
750 658 967 707 discendi
992 657 1304 715 methodum
1322 658 1570 706 observes.
1607 658 1809 706 Leuco—

57 719 197 771 thee!
234 723 379 785 quod
416 723 676 786 Discipulis
712 721 981 784 quondam
1009 722 1100 769 suis
1139 722 1344 771 Do8cor
1371 721 1644 771 Mellifluus
1664 751 1676 773 ,
1705 718 1808 768 hoc

56 782 238 834 nostrae
267 788 416 835 aetatis
447 785 762 851 Philosophis
795 801 905 834 non
936 785 1175 834 inutiliter
1204 785 1313 849 quis
1346 786 1664 833 inclamaret:
1701 783 1809 828 nihil

51 849 279 909 pretiofiws
298 861 516 909 tempore,
544 851 600 896 (Τ
618 851 730 897 heu!
765 850 873 895 nihil
890 849 1015 896 hodie
1036 850 1169 895 vilitas
1186 860 1415 910 reputatur
1431 851 1448 894 !
1483 848 1700 905 transeunt
1719 847 1807 891 dies
1833 854 2012 901 S.Bern.
2048 870 2057 877 ·

47 911 228 970 salutis,
254 914 311 960 (φ
330 929 450 958 nemo
475 915 699 971 recogitat.
801 913 987 975 Utique
1011 913 1079 961 nil
1107 909 1332 962 humana
1361 912 1409 960 di
1446 913 1555 960 nius
1577 906 1806 963 avaritizi,
1825 916 1953 974 serm.
1979 916 2032 962 ad

57 974 146 1024 nisi
168 975 232 1024 ad
253 973 423 1024 nostra
453 975 589 1023 lucra
617 973 826 1024 essemus
846 975 1040 1038 Talpae,
1063 971 1341 1039 lumenque
1361 975 1396 1025 fi
1436 977 1480 1024 ei
1502 971 1635 1024 ultro
1656 974 1809 1038 asper·
1832 981 2021 1029 Scholar.

55 1053 317 1088 naremur:
367 1040 546 1087 scilicet
584 1039 647 1087 ad
679 1038 905 1087 Libitinae
943 1041 1230 1095 lucernam,
1260 1040 1295 1088 fi
1328 1040 1464 1089 oculi
1493 1038 1805 1103 caligabunt,

56 1102 340 1151 videbimus
360 1115 628 1152 momenta
653 1105 912 1167 temporis,
932 1103 1210 1151 sementem
1230 1103 1322 1152 efl'e
1343 1105 1649 1151 aeternitatis:
1688 1096 1806 1150 vere

56 1168 196 1214 enim
222 1165 546 1220 Leucothee,
585 1180 694 1228 quae
718 1167 769 1213 in
803 1178 1036 1231 tempore
1072 1165 1302 1221 serimus,
1327 1169 1378 1215 in
1399 1168 1669 1215 aeternitate
1700 1180 1806 1213 me-

54 1240 238 1278 temus.
339 1230 641 1278 Euclionem
671 1228 758 1277 tibi
793 1227 927 1292 finge
948 1262 961 1284 ,
991 1244 1148 1291 quem
1179 1230 1246 1278 ita
1266 1231 1457 1294 Jupiter
1487 1229 1687 1279 deamet
1706 1262 1720 1283 ,
1750 1239 1807 1276 ut

55 1289 297 1353 Nestoris,
317 1292 388 1341 illi
415 1293 585 1341 saecula
615 1307 725 1341 non
753 1291 920 1342 modo
952 1294 1215 1357 promittat
1233 1326 1246 1347 ,
1280 1294 1361 1341 sed
1387 1296 1537 1342 etiam
1567 1293 1692 1350 juret
1718 1307 1807 1357 per

53 1355 399 1421 Dyphteram:
437 1357 540 1410 fac,
565 1354 710 1419 quod
734 1354 804 1404 ob
833 1357 1013 1404 oculos
1043 1356 1111 1404 illi
1140 1368 1298 1420 ponat
1326 1370 1515 1422 apertas
1547 1356 1804 1406 Persarum

56 1420 217 1470 Gazas
233 1453 245 1473 ,
266 1419 414 1469 Ctaesi
444 1419 696 1468 thesauros
711 1451 724 1471 ‚
743 1414 1028 1482 omnesque
1053 1419 1243 1468 divitias
1260 1454 1272 1474 ,
1301 1435 1421 1483 quas
1455 1417 1482 1469 ὲ
1506 1419 1714 1469 conchis
1736 1420 1805 1468 di-

55 1499 140 1532 ves
163 1483 353 1548 colligit
376 1482 532 1537 India,
554 1483 630 1532 vel
657 1478 684 1531 ὲ
701 1482 888 1531 fodinis
910 1485 1037 1532 eruit
1060 1484 1173 1532 felix
1194 1483 1400 1537 Arabia,
1421 1497 1506 1532 aut
1529 1485 1696 1532 secum
1721 1498 1806 1532 vc-

52 1545 128 1595 hit
146 1545 376 1595 Pactolus
399 1546 521 1611 ipse,
544 1558 695 1609 atque
715 1563 819 1593 auro
846 1548 1039 1607 tmngiclus
1058 1552 1274 1594 Hermam:
1313 1548 1391 1598 fac
1409 1581 1421 1603 ,
1443 1550 1671 1610 inquam,
1694 1547 1798 1596 haec
1827 1554 1948 1616 Virg,

51 1611 122 1659 illi
145 1622 305 1674 ponat
325 1610 396 1659 ob
418 1609 629 1665 ocuIOS,
652 1609 735 1659 sed
763 1607 821 1659 ed
850 1612 986 1674 lege,
1014 1624 1068 1661 ut
1096 1613 1241 1661 unius
1264 1612 1360 1661 diei
1380 1612 1552 1676 spatio,
1578 1612 1798 1675 colligat,
2003 1623 2007 1625 ·

51 1682 299 1736 quantum
318 1672 491 1739 poffit3
528 1673 630 1723 hoc
649 1674 812 1739 elapso
840 1674 1041 1725 finitum
1064 1676 1357 1741 negotiandi
1379 1689 1577 1740 tempus
1608 1675 1800 1724 denun-

50 1741 140 1786 tiet
160 1770 173 1791 ,
204 1753 297 1786 nec
331 1737 417 1787 nisi
451 1735 632 1787 steriles
654 1771 667 1791 ,
708 1737 815 1801 quo
848 1740 910 1788 ad
945 1742 1100 1789 vitam
1135 1739 1397 1806 protrahat
1420 1775 1433 1795 ,
1464 1742 1577 1789 fore
1608 1755 1795 1788 annos:

50 1801 174 1865 quid
193 1802 360 1865 putas?
388 1818 452 1850 an
474 1802 609 1850 diem
632 1800 768 1851 hunc
790 1800 1041 1852 stertendo
1062 1805 1382 1853 consumeret
1402 1799 1531 1853 male
1557 1793 1798 1868 providus

49 1867 206 1915 futuri
225 1865 552 1929 Endymion?
585 1882 649 1914 an
677 1865 868 1914 muscas
897 1867 1134 1915 venando
1154 1900 1165 1920 ,
1188 1867 1348 1916 bonas
1372 1868 1522 1915 horas
1546 1883 1665 1914 cum
1684 1868 1796 1915 Do-

47 1932 265 1979 mitiano
299 1928 654 1977 combureret?
689 1928 836 1978 abfit:
885 1931 1233 1978 centimanum
1254 1931 1299 1978 se
1333 1942 1556 1994 optaret,
1587 1929 1672 1977 diu
1699 1946 1795 1978 no-

44 1992 234 2065 &uque
254 1992 317 2041 ad
340 1992 392 2041 id
412 1994 629 2042 intentus
645 2024 659 2049 ,
683 2007 747 2042 ne
768 1993 915 2043 bonae
940 1992 1037 2041 diei
1057 1993 1136 2043 vel
1157 1994 1368 2043 minima
1386 1994 1530 2045 illum
1552 1994 1792 2059 particula

45 2068 331 2122 praeteriret.

176 2121 373 2170 LEUC:
443 2123 564 2171 Haec
596 2122 677 2179 filij
705 2121 1054 2175 tenebrarum,
1074 2124 1420 2187 prudentiores
1450 2120 1560 2173 sane
1584 2123 1690 2182 filiis
1717 2123 1789 2173 lu-

45 2186 139 2234 cis:
177 2183 258 2231 sed
277 2181 485 2247 putrisne
500 2219 513 2239 ,
534 2186 804 2250 glaucoma
827 2187 1075 2243 ejusmodi
1096 2189 1245 2236 etiam
1275 2188 1588 2254 Philosophis
1609 2188 1789 2245 objici?

43 2250 203 2296 MEL:
272 2246 658 2311 Ophtalmicum
680 2264 824 2314 agere
846 2252 1040 2303 nolim3
1061 2251 1112 2298 id
1134 2264 1306 2300 tamen
1327 2254 1475 2301 etiam
1499 2269 1655 2302 caecus
1676 2253 1793 2301 faci-

44 2309 92 2363 Ιὲ
114 2310 278 2363 videt,
299 2310 444 2373 quod
475 2328 582 2361 non
613 2329 793 2361 omnes
822 2317 1040 2378 tempori
1075 2311 1328 2371 studeant,
1355 2318 1534 2379 quibus
1568 2314 1789 2366 studium

41 2376 303 2440 temporis.
342 2374 588 2425 Athenaea
623 2377 921 2441 Sophorum
946 2376 1094 2427 lustra
1108 2405 1130 2432 ,·
1152 2382 1201 2429 ὃς
1237 2392 1367 2442 quot
1396 2393 1452 2430 tu
1489 2381 1789 2447 disputantes

37 2440 281 2508 percipies
303 2437 364 2486 dc
383 2439 503 2488 thesi
518 2473 529 2492 ,
552 2453 705 2503 quam
733 2439 1012 2506 Apostolus
1034 2442 1219 2506 posuit:
1255 2445 1354 2491 dum
1378 2457 1541 2506 tempus
1568 2445 1786 2498 hahemus,
1822 2445 2034 2495 Gal.6.xo

43 2516 267 2565 operemur
288 2499 471 2550 bonum?
506 2517 635 2567 quot
656 2506 1012 2559 Bernardinos,
1027 2508 1112 2568 qui
1134 2503 1288 2557 libere
1308 2507 1623 2573 profitentur,
1645 2506 1791 2572 quod

43 2579 208 2632 tempus
232 2579 403 2617 tantum
424 2568 598 2623 valeat,
632 2583 840 2633 quantum
865 2573 1034 2622 DEUS
1051 2598 1066 2627 φ
1096 2572 1212 2636 quia
1245 2584 1479 2640 tempore
1508 2573 1637 2644 bene
1668 2587 1792 2622 con-

1526 2639 1730 2703 lumpto
