2177 2905
113 697 273 744 Bocau.

418 77 510 136 176
519 74 522 77 “
1008 72 1218 127 ⁷Ariadne:
1242 74 1433 138 Physica.

349 186 458 225 cres
480 174 807 240 sepeliverint‚
822 178 994 227 aerem
1007 172 1385 225 obtenebrarint
1395 210 1408 227 ,
1423 171 1796 224 obscuraverint
1808 172 2108 240 Cynthium,

346 239 398 286 δε
418 238 639 301 usquein
657 241 889 290 Africam
903 274 915 295 ‚
952 241 1145 301 Syriam
1168 272 1182 294 ‚
1218 236 1551 301 Romamque
1573 237 1725 303 ipsam
1745 239 1899 287 veluti
1923 255 2112 304 praeco-

345 314 433 351 nes
457 305 764 366 poenitentiae
799 304 1121 370 pervolarint.
1190 303 1454 352 Abeamus
1475 300 1792 356 Leucothee‚
1814 302 1876 350 ab
1898 301 2002 352 hoc
2029 305 2110 354 In-
2161 329 2168 340 ·

347 365 474 415 ferni
499 363 774 422 vestibulo,
811 371 861 418 ὃ(
881 367 1074 415 damno
1110 366 1276 415 alieno
1297 366 1427 412 cauti
1448 365 1584 414 saluti
1607 363 1977 429 prospiciamus.

476 431 673 481 LEUC:
743 431 901 481 Recte
925 445 1106 479 mones
1134 449 1144 477 :
1183 428 1539 478 descendamus
1567 429 1629 476 ab
1660 430 1932 491 ignivomis
1953 430 2109 479 Mon-

351 492 482 543 tibus
504 526 517 546 ,
554 496 605 544 ὅς
631 496 680 542 in
705 510 896 543 amaena
917 494 1123 543 vallium
1154 507 1498 557 properemus».
1566 494 1720 539 MEL:
1759 494 1886 541 Non
1899 493 2105 542 abnuo:

346 555 499 604 sedin
522 557 729 607 decursu
756 555 1070 607 lustrabimus
1085 556 1276 609 fontes,
1304 570 1436 618 quos
1455 557 1648 605 Natura
1668 555 1816 604 nobis
1840 553 2021 605 offeret
2032 570 2110 604 ce-

350 618 509 668 lebres
536 654 549 672 ‚
586 623 701 683 quia
730 623 911 670 virtute
931 617 1127 684 magica
1146 618 1528 667 memorandos.
1598 621 1656 668 In
1677 620 1830 684 Epiro
1858 619 1977 667 fons
1999 617 2110 668 vifi-
2168 630 2173 636 ·

352 693 458 736 tur,
487 681 747 732 effundens
768 684 942 733 lumen
964 683 1102 732 sicuti
1122 697 1308 745 aquam
1332 699 1342 728 :
1385 697 1505 730 nam
1542 682 1773 730 extinctas
1797 682 1928 732 faces
1954 716 1968 736 ‚
2005 681 2038 730 si
2058 684 2110 731 in

350 746 495 794 illum
523 746 809 796 demerseris
834 781 848 802 ,
882 747 1163 796 inflammat
1185 778 1196 799 ‚
1212 748 1262 795 &
1284 745 1583 794 reaccendit.
1652 745 1925 793 Referente
1944 746 2109 801 Maio-

352 809 408 857 lo
430 809 573 858 datur
593 811 725 858 lacus
748 843 761 864 ‚
798 824 953 873 quem
975 810 1159 858 accolae
1182 807 1390 866 furiositm
1429 803 1614 854 merito
1641 810 1912 855 nominant
1942 825 1951 854 :
1988 824 2111 857 nam

352 873 405 920 in
426 872 574 921 horas
599 872 979 937 propemodum
1019 871 1227 935 singulas
1260 871 1492 917 colorem
1532 880 1694 916 mutat
1718 901 1731 923 ‚
1766 870 1995 934 saporem
2028 886 2111 920 va-

356 936 474 989 riat,
503 938 781 1000 genuinum
811 936 1035 992 juvenilis
1063 929 1405 981 inconstantiae
1426 931 1730 996 symbolum.
1831 934 2012 982 Alium
2038 948 2107 982 ree

391 1000 499 1047 eriri
528 999 730 1047 fontem
749 1001 800 1047 in
821 999 959 1048 India
982 998 1151 1045 ferunt
1172 1029 1185 1050 ‚
1217 995 1353 1053 cujus
1381 992 1512 1058 aqua
1533 995 1746 1044 lucernae
1769 995 1989 1045 ardeant.
2050 998 2110 1046 In

351 1013 542 1119 {ajano
564 1063 728 1116 Sinu,
751 1077 890 1125 aquae
916 1074 1034 1110 nott
1046 1058 1211 1108 solum
1230 1059 1420 1111 calent,
1445 1058 1525 1106 sed
1546 1060 1696 1106 etiam
1727 1058 1939 1110 fervent,
1975 1061 2109 1109 Fons

352 1127 698 1174 Hammonius
718 1124 779 1173 de
799 1125 878 1174 die
900 1124 1104 1188 frigidus
1122 1156 1135 1177 ‚
1172 1123 1234 1171 de
1258 1122 1407 1171 nocte
1429 1122 1571 1170 bullit
1596 1154 1609 1175 ‚
1632 1137 1689 1170 ac
1710 1120 1893 1170 aestuat.
1963 1124 2020 1172 In
2049 1123 2109 1172 Il-

354 1188 513 1253 lyrico
537 1189 732 1236 scaturit
758 1188 886 1237 latex
909 1223 922 1243 ‚
959 1182 1198 1251 qui‚licet
1220 1185 1449 1250 frigidus,
1465 1185 1692 1250 expansas
1721 1186 1860 1250 supra
1888 1185 1932 1234 se
1953 1182 2110 1235 vestes

312 1294 321 1300 .
353 1267 544 1316 vapore
570 1253 659 1300 suo
682 1253 925 1301 accendit.
996 1250 1151 1315 Apud
1175 1250 1502 1298 Garamantas
1525 1247 1618 1296 esse
1646 1248 1847 1296 fontem
1877 1282 1892 1303 ‚
1927 1247 2113 1297 author

117 1322 245 1371 &32-

142 1487 161 1529 X

125 1597 144 1631 1
159 1589 335 1642 5.meta.

123 1903 306 1955 Ibidem.

355 1314 862 1370 estSolinus‚interdiu
876 1319 942 1365 ita
954 1314 1271 1378 frigidum‚ut
1288 1328 1397 1361 non
1408 1312 1783 1366 bibatur‚n06tu
1793 1313 1859 1361 ita
1871 1311 2110 1367 calidum,

356 1393 413 1430 ut
434 1395 544 1429 non
565 1391 810 1443 tangatur.
877 1375 1107 1429 Testatur
1120 1378 1304 1427 Varro,
1319 1375 1412 1424 effe
1433 1378 1483 1424 in
1497 1375 1671 1424 Cilicia
1694 1375 1897 1424 fontem
1913 1408 1925 1430 ,
1944 1378 2028 1438 qui
2042 1376 2112 1425 bi-

356 1442 588 1493 bentibus
607 1454 752 1491 acuat
762 1441 980 1495 sensum3
1001 1442 1154 1491 alium
1168 1438 1292 1490 vero
1307 1473 1320 1494 ‚
1336 1441 1421 1502 qui
1433 1438 1656 1488 hebetet.
1696 1437 1952 1504 Lyncestis
1963 1456 2110 1506 aqua,

359 1505 548 1559 maffici
570 1502 718 1556 instar
735 1506 946 1556 inebriat
963 1539 977 1561 ‚
1011 1506 1269 1554 accinente
1288 1502 1507 1552 Ovidio:

1354 1563 1594 1627 Lyncestius
1615 1569 1750 1613 amnis

652 1635 788 1691 Qem
812 1634 1048 1696 quicunque
1066 1643 1222 1691 parum
1249 1630 1466 1676 moderato
1482 1641 1662 1687 gutture
1689 1632 1847 1681 traxit,

650 1697 784 1742 Haud
803 1697 933 1742 aliter
954 1694 1145 1743 titubat,
1169 1693 1296 1755 qudm
1305 1691 1343 1750 si
1360 1707 1478 1736 mera
1501 1693 1605 1736 vina
1627 1689 1806 1748 bibisset.

360 1756 558 1814 Contra
577 1758 816 1808 Clitorius
830 1792 843 1814 ,
862 1759 977 1809 fons
993 1756 1238 1811 Arcadiae,
1251 1756 1352 1806 vini
1370 1749 1620 1803 fastidium
1638 1765 1787 1809 creat,
1811 1755 1998 1807 eodem
2011 1757 2115 1809 Na-

363 1825 487 1876 sone
516 1818 822 1934 teste-Clitorio
846 1882 1209 1948 quicunquefitim
1228 1878 1417 1940 def⁰⁷²¹³³
1434 1880 1605 1927 levavit
1631 1913 1646 1935 ’

656 1948 766 1997 Vina
780 1946 900 2008 fiagit
918 1981 930 2002 ‚
959 1946 1200 2010 gaudbtque
1210 1947 1339 1991 meris
1356 1942 1577 1998 abstemius
1599 1945 1732 1994 undis.

365 2015 426 2068 In
449 2012 773 2079 Cappadocia
793 2014 952 2061 amnis
973 2011 1081 2059 fluit
1095 2042 1108 2064 ‚
1123 2013 1209 2074 qui
1230 2022 1390 2070 equos
1410 2006 1710 2059 versicolore
1731 2004 1928 2068 macula
1940 2010 2114 2076 pingit,

367 2094 478 2130 non
501 2079 623 2125 item
645 2076 760 2124 alias
779 2076 1073 2123 animantes.
1142 2071 1513 2123 Macedonibus
1540 2069 1731 2122 flumen
1761 2069 1830 2121 est
1855 2105 1870 2127 ‚
1897 2074 2042 2135 quod
2061 2088 2118 2123 o-

365 2144 510 2193 vium
533 2140 702 2191 velleri
726 2138 918 2188 inducit
944 2137 1239 2187 candorem,
1306 2135 1465 2198 Qod
1488 2134 1520 2183 fi
1542 2135 1832 2200 praeplaceat
1849 2136 1970 2185 rufae
1993 2137 2115 2185 lanae

367 2203 579 2255 tinfi‘tura
593 2236 605 2255 ‚
627 2204 865 2267 gratuitus
885 2201 1099 2249 infector
1119 2197 1188 2249 est
1210 2200 1460 2248 Xanthus:
1487 2198 1520 2246 s1
1542 2200 1680 2263 nigra
1696 2231 1709 2254 ‚
1723 2199 1785 2248 ad
1806 2197 2006 2248 fontem
2028 2199 2115 2248 du-

369 2279 491 2317 cunt
513 2266 810 2317 Penenion:
848 2264 983 2313 hunc
1019 2268 1155 2312 enim
1186 2262 1220 2312 fi
1250 2262 1421 2311 bibant
1447 2263 1676 2311 Oviculae
1696 2295 1709 2316 ‚
1745 2276 1854 2324 quae
1886 2263 2008 2312 albae
2039 2278 2117 2311 ac-

371 2329 609 2380 cesserant
630 2362 644 2383 ,
676 2328 916 2377 recedunt
936 2331 1101 2392 nigrae.
1185 2325 1379 2376 Crathis
1402 2325 1579 2375 fluvius
1603 2325 1883 2374 bibentium
1911 2325 2117 2390 capillos

374 2393 561 2442 elcstro
587 2408 600 2445 3
635 2393 666 2441 S
702 2391 827 2440 baris
840 2407 964 2440 auro
988 2389 1228 2440 assimilat.
1264 2388 1361 2438 Sed
1388 2392 1436 2439 ὅ(
1459 2388 1714 2453 Hybernia
1741 2387 1944 2439 fontem
1964 2392 2119 2453 gemi-

374 2471 504 2506 num
527 2458 676 2505 moni
701 2466 775 2503 rat
794 2487 809 2509 ‚
843 2455 1026 2504 indolis
1045 2455 1111 2502 ita
1135 2454 1395 2502 contrariae
1413 2485 1426 2506 ‚
1463 2464 1516 2500 ut
1545 2452 1675 2500 alter.
1690 2453 1925 2502 canitiem
1949 2485 1963 2507 ‚
1997 2452 2118 2500 alter

375 2520 691 2579 iuventutem
712 2530 1006 2584 perpetuam
1032 2517 1375 2568 balneantium
1391 2515 1607 2568 crinibus
1626 2516 1846 2567 inducat.
1880 2510 2118 2630 sAfieiostae

1899 2596 1915 2629 ι
2009 2591 2059 2627 es
