2222 2905
353 80 411 129 16
853 70 1125 132 Mausblceum
1152 68 1509 135 Peripateticum.

283 173 349 224 tia
371 167 666 236 discipulum
689 176 799 215 non
820 176 1053 232 arguunt,
1063 164 1147 214 sed
1165 161 1494 229 Magistrum:
1531 176 1654 225 nam
1676 160 1759 214 illa
1783 163 1994 216 nonnisi
2013 181 2073 217 ae·

283 233 501 290 mula,ut
516 228 886 295 solet,expreffit
909 231 1195 282 contentio,
1208 227 1328 278 cum
1349 228 1646 293 discipulum
1660 228 1859 279 videret
1870 230 1972 288 jam
1990 245 2074 296 pe-

284 317 349 351 ne
371 296 513 364 supra
529 292 848 361 Magistrum.
911 295 1031 352 Jam
1055 295 1147 340 tria
1169 288 1317 342 lustra
1331 291 1421 341 sub
1435 292 1649 341 Platone
1669 306 1898 358 exegerat
1920 295 2076 359 Stagi-

285 367 394 417 rita,
417 361 539 410 cum
558 361 650 409 alia
670 359 845 407 sentire
866 356 898 405 fa
922 353 1169 421 Magistro
1194 357 1351 420 cepit:
1398 353 1516 405 hinc
1541 356 1633 405 illae
1651 357 1902 422 lacrymae.
1972 356 2078 408 Sed

286 428 465 479 ven'tas
490 420 1077 489 discipulum,<aemula-tio
1101 418 1283 484 agebat
1302 420 1398 468 Ma
1435 415 1635 469 istrum:
1671 419 1809 470 hunc
1829 418 1976 486 quod
2012 419 2079 471 ad

287 490 440 555 usque
468 503 571 537 aras
594 487 809 537 veritatis
834 484 1049 533 coluerit
1065 483 1263 547 semper
1286 515 1300 537 ,
1332 494 1384 530 ,te
1430 485 1467 531 is
1494 479 1566 531 est
1585 499 1699 538 ara,
1720 499 1879 547 quam
1910 486 2080 535 Plato-

288 557 341 604 ni
367 564 588 602 erexerat
611 584 624 606 ‚
653 551 748 600 hac
783 547 1074 614 epigraphe:
1127 552 1222 595 Hic
1252 545 1331 600 est,
1362 550 1435 593 cui
1455 549 1772 595 reverentiam.
1797 550 1853 596 (φ
1885 565 2080 596 amorem

291 617 445 665 debent
467 628 622 663 omnes.
726 614 817 663 An
840 612 998 670 majus
1019 610 1328 676 gratitudinis
1352 622 1759 660 monumentum
1776 611 1838 661 ab
1869 612 2081 663 ethnico

293 684 452 746 exigat
488 678 744 731 ethnicus?
795 676 939 726 litem
973 676 1238 733 dijudicate
1271 671 1538 724 Christiani
1568 673 1890 741 Philosophi,
1920 680 1970 728 δί
1997 692 2081 728 ve-

296 744 415 799 stris,
438 742 686 807 fiquidem
707 735 913 807 potestis
929 773 942 795 ‚
962 740 1200 805 exemplis
1214 735 1548 791 Aristotelem
1565 739 1932 804 ingratitudinis
1957 756 2083 789 con-

296 811 562 860 demnate:
590 806 725 861 haee,
746 806 803 854 ,ut
824 805 1111 868 loquimur,
1132 819 1221 867 per
1242 801 1571 868 parenthesin.
1673 801 1887 853 Platone
1908 799 1935 852 ὲ
1956 806 2083 854 vivis

297 873 520 927 sublato,
539 872 772 936 Stagirita
800 882 1011 932 quoque
1034 866 1264 917 Athenas
1304 867 1515 916 deseruit
1541 900 1554 922 ‚
1593 868 1643 917 ὅ(
1677 867 1736 915 1η
1756 865 1979 931 Mysiam
2016 866 2084 917 ad

300 935 716 1002 Hellespontum,
745 931 834 981 ubi
854 932 1124 982 Hermiam
1150 945 1359 995 regnare
1387 943 1669 996 acceperat,
1687 931 1790 987 jam
1811 931 1940 979 olim
1961 933 2086 981 ami-

300 1016 448 1055 cum,
479 997 678 1049 secessit.
748 998 844 1047 Hic
862 1011 973 1045 non
989 994 1266 1062 ‘hospitium
1284 991 1452 1044 modo
1468 1028 1481 1048 ,
1509 994 1590 1043 sed
1613 993 1995 1044 &Thalamum
2011 997 2085 1044 in-

301 1066 467 1118 venit,
488 1060 663 1129 Pythia
683 1063 835 1126 Regis
863 1061 1081 1113 Sorore,
1109 1060 1161 1107 in
1185 1073 1402 1107 uxorem
1427 1056 1598 1108 dueta:
1630 1070 1798 1106 tantos
1828 1070 1949 1107 tunc
1979 1060 2087 1131 qui-

304 1129 428 1178 dem
451 1125 775 1192 Philosophia
798 1124 1086 1174 merebatur
1106 1123 1351 1173 honores.
1447 1122 1549 1171 Sed
1568 1137 1679 1170 non
1700 1122 1857 1186 longa
1878 1122 2086 1171 felicitas

305 1193 400 1242 fuit
414 1226 427 1247 ,
449 1207 570 1240 nam
588 1186 803 1240 'Hermia
822 1188 854 1237 a
872 1186 1025 1238 Persis
1042 1186 1275 1241 devffio,
1299 1181 1561 1250 captoque
1571 1184 1917 1249 Philosophus
1932 1219 1945 1240 ,
1974 1185 2089 1236 exul

308 1253 482 1306 denuo
497 1291 508 1307 ,
531 1257 585 1305 in
604 1253 812 1304 Lesbon
833 1252 1078 1307 Insulam,
1098 1254 1149 1302 ὅ(
1168 1250 1476 1314 Mytilenem
1497 1245 1707 1297 transiit:
1744 1249 1842 1298 illie
1867 1250 2090 1313 aliquan-

309 1321 396 1370 diu
422 1332 651 1369 moratus
669 1352 682 1374 ,
710 1330 912 1367 tantum
942 1316 1090 1365 famae
1125 1312 1538 1381 philosophando
1565 1313 1838 1378 collegerat
1862 1349 1874 1364 ‚
1908 1325 1962 1362 ut
1994 1315 2090 1362 exi-

309 1386 436 1434 lium
457 1386 507 1433 in
522 1383 696 1433 aulam
718 1392 954 1432 mutaret,
1050 1381 1198 1430 ‘Nam
1217 1378 1390 1427 litteris
1421 1377 1449 1426 a
1469 1376 1702 1442 Philippo
1731 1376 2092 1427 Macedonum

310 1452 390 1499 Re
428 1464 454 1496 e
476 1449 728 1500 invitatus,
749 1443 1047 1495 Alexandro
1072 1439 1382 1491 instituendo
1404 1437 1643 1505 Magister
1664 1440 1943 1506 praeficitur.
2014 1443 2091 1491 En

313 1514 410 1580 epil
438 1512 532 1561 olae
553 1509 908 1576 syngrapham:
963 1511 1117 1555 Natu&
1136 1505 1407 1565 mihifilim,
1427 1503 1698 1559 Aristoteles,
1720 1521 1802 1568 quo
1852 1505 1992 1550 uidem
2015 1522 2091 1550 ve-

313 1579 532 1625 hementer
551 1576 669 1623 laetor
678 1597 712 1629 ,v
729 1575 804 1632 sed
821 1590 902 1620 non
921 1585 1015 1619 tam
1032 1571 1146 1635 qubd
1171 1583 1302 1617 natm
1315 1606 1328 1622 ,
1348 1568 1481 1633 qadim
1500 1569 1611 1631 qadd
1632 1584 1684 1615 :eo
1698 1570 1797 1630 poti
1825 1583 1955 1614 :mum
1983 1581 2093 1615 tem-

308 1653 415 1702 pore
436 1653 583 1691 natm,
600 1655 686 1702 quo
702 1651 756 1685 tu
775 1649 922 1684 tantus
939 1673 951 1688 ,
986 1634 1172 1699 talisque
1191 1633 1463 1694 Philofhphns
1482 1635 1523 1678 ei
1534 1635 1687 1694 praeire
1698 1644 1822 1693 potes
1845 1632 1899 1677 ad
1921 1635 2092 1692 Sapien-

315 1708 426 1752 tiam
449 1706 505 1752 &⁸
524 1706 744 1751 >virtutem
765 1734 779 1758 ‚
807 1718 863 1748 ac
887 1701 1065 1761 dignum
1086 1697 1252 1760 'efficere
1278 1699 1532 1757 dignitatis,
1549 1695 1834 1761 potentiaeque
1870 1711 1968 1742 meae
2000 1696 2094 1754 suc-

317 1786 362 1816 ce
393 1785 499 1814 lone.
1572 1799 1573 1802 =

353 1768 405 1832 ff
442 1830 642 1882 LEUC:
709 1828 1033 1896 Speciosum,
1059 1828 1175 1893 quia
1198 1827 1344 1893 ¹regio
1364 1825 1623 1876 firmatum
1645 1823 2092 1891 Sigillo‚elogium.

312 1897 438 1961 Spes
466 1898 645 1959 utique
670 1895 980 1959 impleverit,
1008 1891 1120 1942 imo
1155 1891 1456 1957 superaverit
1484 1891 1740 1940 Stacririta?
1806 1891 1961 1937 MEL:
2030 1904 2097 1937 ne

318 1960 509 2009 dubita.
579 1958 785 2023 Agebat
815 1970 936 2006 tune
964 1956 1255 2006 Alexander
1279 1968 1516 2018 quartum
1584 1955 1807 2002 ecimum
1838 1954 1989 2001 aetatis
2011 1969 2097 2001 an-

318 2040 473 2075 num,
511 2022 633 2071 osto
650 2022 777 2070 ,alios
796 2023 960 2086 regius
983 2020 1270 2069 adolescens
1294 2019 1381 2068 sub
1403 2015 1679 2068 Aristotele
1696 2018 1906 2070 meruit,
1923 2016 1985 2065 ab
2010 2011 2097 2066 eo-

320 2102 421 2151 que
448 2081 767 2149 eloquentia,
788 2083 997 2150 physicis
1024 2117 1036 2138 ,
1068 2083 1369 2137 moralibus,
1392 2082 1632 2147 politicis,
1663 2076 1957 2143 arcanisque
1987 2080 2099 2128 arti·

319 2151 413 2199 bus
448 2148 469 2206 <
527 2166 609 2199 uas
627 2149 746 2198 'huic
771 2150 857 2197 uni
883 2145 1186 2197 commifiss'e
1213 2145 1502 2196 Plutarchus
1529 2141 1715 2200 tradit)
1751 2144 1976 2205 imbutus
1998 2139 2098 2196 est5

323 2218 373 2264 ὅ(
396 2166 605 2277 quidem
621 2225 765 2261 tanto
788 2212 1034 2277 profestu,
1060 2223 1114 2259 ut
1140 2212 1425 2276 peregrinus
1447 2208 1502 2257 sit
1523 2210 1575 2256 in
1597 2206 1749 2262 orbe,
1772 2209 1857 2270 qui
1878 2209 2099 2270 ignoret,

322 2277 673 2328 Alexandrum
692 2310 704 2331 ,
728 2278 875 2324 omni
898 2275 1174 2324 moralium
1199 2276 1447 2323 virtutum
1464 2286 1646 2336 genere
1660 2304 1672 2324 ,
1694 2285 1804 2333 quae
1826 2271 1949 2318 illud
1971 2267 2100 2319 fasti-

322 2343 466 2405 gium
495 2339 757 2392 decebant,
777 2338 841 2387 fic
864 2338 891 2387 a
913 2337 1226 2403 Philosopho
1249 2333 1562 2390 instructum,
1587 2347 1643 2384 ut
1660 2334 1962 2399 praecelleret
1980 2349 2099 2383 cun-

324 2405 441 2455 ctos,
457 2399 735 2470 paremque
759 2403 924 2467 Reges
945 2404 1073 2451 inter
1093 2417 1205 2450 non
1230 2398 1532 2449 numeraret.
1610 2398 1845 2463 Agnovit
1866 2398 1971 2447 hoc
1989 2397 2099 2447 Ph'i-

325 2468 486 2534 lippus
510 2499 523 2523 ,
560 2469 645 2531 qui
679 2467 978 2530 Praeceptori
1005 2478 1149 2514 tanto
1181 2461 1384 2513 statuas.
1411 2465 1462 2513 ὃς
1494 2460 1693 2527 publica
1724 2462 1888 2526 posuit
1913 2476 2098 2509 monu-

326 2543 519 2583 menta.
621 2530 857 2595 Agnovit
883 2528 1090 2596 ipsemet
1119 2527 1436 2583 Alexander,
1460 2528 1544 2590 qui
1566 2538 1741 2593 praeter
1767 2523 1970 2577 statuas,
1996 2523 2101 2579 ejus

1826 2600 2037 2651 quoque
2090 2620 2091 2623 =
