2177 2905
436 90 454 126 1
465 79 525 137 78
1040 73 1236 126 ¹Ariadne
1247 75 1435 139 Physica.
2092 105 2095 107 -
2146 0 2177 87 3

366 165 443 218 tiis
465 181 512 217 te
533 164 623 218 filo
647 163 928 223 destituam,
942 165 1063 217 scito
1083 170 1285 217 virtutes
1312 167 1534 217 fontium
1559 163 1830 231 paradoxas
1849 160 1878 216 ὲ
1897 162 2113 222 diversis,
2164 175 2175 214 ἐ

367 231 593 282 fontibus
615 232 748 282 suam
770 231 966 281 haurire
989 234 1255 297 originem.
1297 233 1349 280 N
1356 245 1452 279 unc
1473 233 1664 280 variant
1681 231 1846 275 ratione
1869 231 1951 276 loci
1963 249 1972 276 ;
1995 229 2116 278 hinc

369 296 463 344 alia
491 310 621 358 aqua
645 291 715 344 est
747 296 987 350 fontana,
1018 296 1109 344 alia
1146 295 1416 347 fluviatilis,
1436 293 1516 344 vel
1541 294 1761 342 marina:
1792 307 1929 341 nunc
1963 295 2114 341 virtu·
2155 255 2177 375 ἒ

369 370 475 407 tem
502 371 701 408 mutant
721 358 940 408 admixta
961 357 1250 423 corpuscula
1265 391 1279 412 ‚
1299 360 1348 406 &
1371 357 1653 419 qualitates,
1674 369 1796 417 quas
1816 357 1945 404 inter
1971 356 2119 420 pluri·
2157 365 2177 418 ,ἧς

367 437 463 471 mae
495 423 643 471 nobis
666 423 903 471 occultae:
939 421 1057 470 hine
1090 422 1193 470 aliae
1225 435 1364 483 aquae
1393 419 1631 474 salubres,
1657 420 1759 467 aliae
1785 418 2117 472 metalliferae,
2157 422 2177 474 ’ζ-

366 488 622 548 quamvis,
646 501 728 533 me
746 486 776 544 J
781 486 951 538 udicc‚
976 484 1079 533 haec
1108 495 1215 533 tota
1248 482 1496 533 diversitas
1521 482 1548 532 a
1567 481 1766 532 diverfis
1785 493 1924 530 terra:
1947 485 2119 532 meati—
2168 479 2175 535 Ξ

365 548 485 603 bus,
505 564 591 614 per
616 563 746 611 quos
773 547 1030 601 desudant,
1057 563 1114 595 ac
1137 546 1364 596 defluunt
1386 547 1578 601 latices,
1597 546 1845 609 originem
1866 544 2116 608 plerumq3
2166 564 2174 606 f

363 612 558 660 trahere
577 612 828 660 videatur:
859 610 924 659 sic
938 626 1066 673 aqua
1079 612 1385 675 marina,per
1404 611 1634 658 occultos
1666 622 1802 656 terrae
1824 609 2116 658 Maeandros
2157 634 2162 638 ·

363 676 583 738 denique
609 676 892 739 percolata,
911 675 1091 722 amittit
1114 672 1425 728 salsedinem,
1450 689 1506 721 ac
1537 676 1589 722 in
1614 672 1880 720 fontanam
1911 671 2115 721 dulcem

362 738 653 802 degenerat:
692 737 754 786 fic
774 753 884 800 quae
912 737 1018 785 fluit
1050 751 1135 800 per
1170 736 1297 784 Auri
1332 739 1586 788 matrices,
1608 737 1844 782 virtutem
1879 732 2026 781 trahit
2053 735 2116 784 ab

359 802 632 854 Aur07alia
663 803 786 849 vires
805 801 866 848 ab
885 800 985 849 alio
1007 799 1233 852 metallo,
1255 799 1335 847 vel
1357 798 1522 847 succo.
1570 799 1648 846 Sic
1669 799 1720 843 in
1740 797 1940 843 mineris
1956 797 2116 847 diver-

301 909 305 915 .
358 868 436 914 sos
457 865 575 930 saepe
592 865 772 913 halitus
790 862 1015 915 attrahit,
1051 856 1314 921 induitque
1340 864 1495 909 varias
1507 861 1832 923 proprietates
1853 874 1868 909 3
1901 857 2023 923 faepe
2038 875 2117 909 ca-

359 928 458 977 lida
473 944 558 992 per
582 929 924 976 subterraneos
949 928 1084 988 ignes
1100 957 1113 977 ‚
1150 923 1268 987 saepe
1291 923 1466 986 frigida
1487 921 1674 971 eodem
1694 917 1857 970 eloco
1871 925 2113 986 erumpit:

358 1007 496 1041 nunc
519 992 741 1041 salubris,
767 1005 900 1038 nunc
925 991 1072 1035 noxia
1087 1017 1115 1039 ,2
1165 997 1284 1034 tout
1313 1001 1497 1050 nempe
1530 1001 1615 1048 per
1647 983 1862 1034 diversos
1890 988 2114 1041 canales,

360 1058 409 1105 ὅ(
431 1057 531 1103 vias
553 1054 615 1103 ad
634 1054 770 1102 idem
803 1048 987 1099 ostium
1026 1059 1112 1097 cu‘
1140 1051 1176 1097 it
1197 1081 1210 1101 ,
1245 1047 1344 1097 five
1375 1047 1649 1099 devehitur.
1760 1047 1928 1096 Habes
1967 1051 2115 1113 origi-

159 1128 162 1129 ’
359 1133 506 1170 nem,
530 1114 555 1165 ὲ
579 1132 678 1180 qua
700 1118 749 1163 in
775 1115 941 1163 fontes
961 1124 1262 1178 promanant
1287 1115 1488 1161 virtutes
1510 1112 1639 1161 adeo
1664 1109 1860 1159 diversae
1891 1142 1906 1163 ,
1958 1125 2014 1159 ac
2032 1127 2115 1176 pa·

114 1182 269 1231 Rider·
356 1181 574 1230 radoxae.
641 1182 722 1229 Sic
742 1179 861 1228 levis
880 1179 1174 1238 neutiquam
1192 1174 1309 1226 fidei
1330 1175 1589 1225 Authores
1618 1174 1839 1223 referunt
1867 1206 1880 1226 ‚
1915 1176 2115 1238 reperiri

110 1261 230 1292 man.
256 1247 305 1290 in.
360 1244 557 1298 fontes,
592 1241 617 1292 ὲ
644 1243 823 1306 quibus
840 1253 942 1288 tam
966 1240 1242 1305 periculum
1263 1242 1373 1287 vitae
1403 1272 1417 1292 ‚
1453 1237 1607 1301 quam
1630 1239 1809 1287 mortis
1827 1239 2113 1288 remedium

113 1311 256 1368 Agon.
281 1308 314 1354 l.
360 1310 676 1372 propinatur-t
715 1322 831 1354 narn
852 1305 927 1360 alij
950 1306 1028 1353 vix
1051 1302 1321 1356 bibuntur,
1355 1306 1404 1352 ὅ(
1428 1298 1454 1350 ὲ
1479 1299 1686 1365 vestigio
1710 1301 2113 1354 necant‚nullius

115 1372 331 1429 1.c.7.ci-
359 1373 558 1421 interim
590 1385 685 1418 nec
717 1369 905 1418 doloris
943 1365 1230 1418 Aurhores‚
1270 1381 1379 1414 nec·
1400 1365 1607 1422 remedii
1632 1367 1888 1432 patientes·¹
1985 1364 2113 1420 Aliis

110 1438 207 1484 'tans
225 1437 331 1484 Λιι-
359 1432 485 1486 vero
504 1450 624 1483 eum
654 1449 768 1483 aves
793 1443 1048 1480 emortuas
1071 1429 1328 1478 immiseris
1349 1463 1362 1483 ,
1414 1428 1633 1477 extinctae
1657 1427 1906 1476 continuo
1936 1429 2112 1478 revivi-

112 1499 272 1548 chores.
356 1499 512 1548 scunt.
585 1498 740 1560 Apud
767 1496 922 1545 Afros
953 1496 1179 1542 innatant
1205 1492 1352 1557 piices
1385 1493 1539 1545 undis}
1560 1489 1902 1543 ferventibus,
1935 1492 2021 1552 qui
2040 1503 2109 1540 ta-

356 1561 670 1612 mensimul,
705 1577 760 1608 ac
782 1559 898 1607 inde
920 1556 1212 1619 infri'gidam
1237 1556 1632 1609 transferuntur,
1666 1554 1919 1618 exspirant.
2019 1554 2110 1604 Ad

355 1625 527 1675 Rheni
549 1624 823 1688 crepidines
843 1636 980 1683 aquae
1009 1619 1273 1667 scaturiunt
1303 1619 1531 1667 dentibus
1553 1617 1737 1667 infestae
1765 1634 1783 1669 3
1831 1631 1950 1665 nam
1972 1617 2109 1666 bien-

355 1691 446 1739 nio
475 1685 741 1751 postquam
768 1697 898 1750 potae
924 1684 1032 1731 sunt
1050 1714 1065 1735 ,
1100 1696 1279 1729 omnes
1301 1680 1407 1732 suls,
1423 1680 1615 1729 sedibus
1647 1681 1779 1727 moti
1804 1711 1819 1733 ‚
1853 1675 2108 1742 luxatiqu'e

356 1752 615 1800 excidunt:
654 1747 1007 1811 akiaequaedam
1036 1747 1114 1793 vix
1136 1745 1357 1794 libantur
1371 1741 1580 1793 &eei-vis
1601 1776 1615 1796 2
1650 1745 1700 1792 ὅ(
1721 1743 1873 1790 ecce}
1925 1757 2107 1792 cornu-

357 1830 447 1864 um
469 1828 638 1862 ramos
657 1828 715 1860 ae
743 1810 1039 1876 prostibulos
1062 1808 1337 1855 decutiunt.
1435 1807 1565 1855 Aliae
1583 1805 1769 1855 Thebis
1789 1819 1948 1866 equos
1965 1807 2016 1853 in
2036 1822 2110 1855 ra·
2150 1819 2154 1821 “

354 1878 494 1927 biem
517 1888 685 1938 agunt.
709 1932 711 1934 ,
756 1874 1027 1937 Benignior
1049 1871 1166 1921 illis⁹
1187 1874 1233 1918 ὃ(
1266 1871 1435 1917 mitior
1453 1871 1524 1917 vis
1546 1867 1640 1920 est,
1663 1883 1772 1930 quae
1801 1869 1932 1930 apud
1957 1867 2109 1918 Thes-

353 1941 480 1990 salos
505 1939 684 1987 alicubi
706 1937 893 1989 fluunt,
915 1931 1089 1983 haustu
1124 1933 1358 1981 salubres:
1394 1932 1450 1988 iis
1477 1935 1614 1981 enim
1645 1932 1850 1980 contusa
1879 1936 2107 1996 corporis

352 2005 483 2055 offa,
505 2002 536 2051 fi
560 2003 925 2066 respergantur,
951 1993 1074 2046 mira
1104 1997 1335 2045 felicitate
1366 1997 1666 2045 coalescunt.
1759 1995 1926 2060 Qid?
1962 1992 2106 2057 quod

351 2071 502 2118 etiam
525 2065 772 2122 iocando,
792 2065 958 2113 fontes
987 2059 1227 2125 ingeniosi
1249 2059 1492 2109 Miraeula
1511 2059 1754 2108 fundant?
1789 2075 1906 2108 narn
1935 2063 2108 2110 Fortu-

354 2135 479 2181 natis
505 2130 673 2178 Infulis
696 2129 881 2192 gemini
902 2126 1034 2177 sunt,
1058 2140 1285 2187 quorum
1302 2125 1530 2176 alterum,
1553 2125 1638 2186 qui·
1665 2122 1869 2177 bibunt,
1892 2123 1978 2173 fibi
1996 2122 2106 2186 ipfis

354 2195 630 2244 ludibrium
659 2191 813 2243 fiunt,
838 2191 962 2238 dum
996 2190 1227 2237 violento
1264 2185 1355 2234 risu
1393 2199 1648 2252 crepantes
1680 2189 2020 2239 emoriantur,
2050 2184 2105 2238 ni*

356 2259 508 2307 vieini
535 2257 728 2303 alterius
752 2253 906 2302 fontis
937 2249 1165 2300 remedio
1197 2249 1521 2298 ebullientem
1551 2250 1853 2302 cachinnum
1885 2243 2104 2316 tempori

354 2319 693 2382 compescant.
796 2317 967 2373 Maior
984 2315 1227 2377 aliquibus
1256 2316 1327 2362 vis
1347 2310 1445 2367 est,
1465 2315 1549 2377 qui
1571 2314 1642 2368 ius
1662 2313 1747 2362 fibi
1768 2313 2032 2376 quoddam
2052 2318 2103 2364 in

353 2384 509 2448 ipsun
539 2383 716 2429 mentis
739 2380 905 2429 sedem
930 2379 1202 2442 capeffunt:
1239 2377 1355 2434 inde
1374 2375 1456 2431 fit,
1479 2390 1531 2426 ut
1550 2377 1771 2426 duorum
1794 2377 2018 2426 fontium
2037 2378 2103 2427 al-

354 2460 469 2495 tero
491 2446 740 2493 memoria
760 2444 1087 2495 obtundatur,
1106 2438 1409 2502 inductaque
1430 2456 1597 2490 rerum
1617 2441 1878 2491 oblivione
1896 2443 1969 2489 vis
1987 2456 2099 2488 om·-

356 2513 430 2563 nis
449 2507 755 2564 obsolescat.-
792 2507 951 2559 altero
978 2508 1238 2558 memoriae
1271 2504 1505 2563 labentis»,
1532 2507 1583 2558 <Sc
1609 2504 1955 2573 lentaerspecies
1974 2505 2098 2553 exci-

1869 2578 2031 2617 rentur
