2177 2905
366 76 462 110 220
1011 58 1160 120 ,Janus
1192 52 1381 117 Bifrons.

308 160 402 206 mo
427 152 660 217 scriptum
676 148 810 213 lege3
846 161 968 198 nam
990 148 1167 198 infami
1192 147 1300 197 fato
1322 141 1538 195 decessit.
1616 144 1713 194 Hic
1743 158 1876 208 quos
1896 144 1958 196 de
1980 145 2060 197 die

313 215 538 267 instruxit
560 210 914 277 Philosophos,
931 212 997 262 de
1021 213 1172 261 noete
1198 207 1458 263 destruxit,
1483 207 1545 258 ad
1567 208 1775 274 lupanar
1799 210 1911 259 illos
1940 213 2064 261 invi-

313 294 421 329 tans
445 279 606 343 lupus,
621 275 685 325 ad
708 272 985 342 prostibula
1005 275 1211 329 ducens,
1232 275 1351 323 Dux
1373 288 1519 338 caper
1537 273 1634 338 ipse
1652 274 1829 338 gregis,
1899 276 2062 324 Etiam

315 343 592 392 Xaverium
628 339 863 404 urgebat,
897 336 1009 389 imo
1045 337 1368 404 perurgebat:
1404 348 1454 385 at
1483 336 1565 385 ille
1599 338 1793 386 secum:
1830 350 2064 384 momenta-

314 422 440 453 neum
466 403 547 459 est,
573 404 681 468 quod
705 402 914 457 detestat,
931 415 1148 453 oeternum,
1169 401 1279 464 quod
1308 402 1499 446 cruciat:
1525 399 1679 458 siccine
1704 414 1777 460 ego
1799 401 1970 461 Sophus,
1980 411 2064 461 pro

317 481 528 517 momento
556 466 874 514 aeternitatem?
908 465 1031 525 abfic.
1119 466 1200 514 Sic
1221 465 1268 512 se
1293 462 1553 517 subtraxit>
1578 466 1627 514 &
1648 464 1747 514 ulra
1767 464 1937 514 secum
1955 463 2066 513 sub-

317 534 461 582 traxit
481 543 561 580 tot
580 532 800 583 animas,
824 543 946 591 quas
973 544 1095 578 cum
1121 527 1344 578 Xaverio
1366 526 1571 577 seducto
1587 560 1601 582 ‚
1633 527 1697 577 ad
1728 543 1914 578 orcum
1942 527 2065 577 alter

317 594 516 645 mififfet
541 593 710 644 Orbis.
815 590 957 657 Qid
975 604 1030 641 tu
1052 591 1114 640 ad
1135 588 1250 640 ista?

445 658 645 710 LEUC:
714 657 957 720 Stupesco
985 655 1047 704 ad
1070 655 1190 704 illud
1211 654 1424 709 fulmen,
1445 657 1644 719 quoties
1676 654 1855 704 audio:
1902 651 2067 704 Deus-

319 738 409 777 ne,
440 722 577 779 cujus
606 721 845 769 bonitatis
877 734 941 768 ne
968 718 1177 782 quidem
1205 733 1447 767 numerus
1473 752 1486 773 ,
1527 732 1858 768 momentum
1893 721 2067 783 puniat

320 785 619 837 aeternitate?
657 786 707 833 ὅ(
733 783 943 847 quidem
961 783 1045 831 tali
1065 815 1078 837 ,
1102 780 1313 844 tamque
1334 780 1588 831 horribili?
1656 785 1813 830 MEL:
1882 786 1955 832 Ita
1976 779 2063 836 est,

320 853 473 898 etiam
490 848 619 897 infra
641 847 985 910 condignum:
1023 861 1145 894 nam
1164 857 1430 910 peccatum
1450 845 1652 893 infinitae
1665 846 1754 893 suo
1776 846 1943 893 modo
1962 861 2067 893 ma-

318 915 450 968 litiae,
469 910 721 961 infinitam
741 911 887 974 exigit
918 909 1208 960 vindictam.
1277 908 1356 956 Sic
1379 906 1501 956 fides
1524 908 1677 963 jubet,
1700 906 1789 956 nisi
1809 923 1929 956 cum
1950 909 2066 957 Ori-

319 991 476 1041 gene,
507 976 595 1024 illo
620 973 919 1039 Sophorum
941 974 1087 1026 Sole,
1115 987 1348 1020 errorum
1369 971 1591 1020 maculas
1612 972 1711 1035 pati
1743 970 1889 1024 velis,
1917 971 1996 1021 vel
2021 988 2069 1020 e-

321 1042 445 1088 tiam
469 1051 636 1087 totam
655 1040 707 1086 in
734 1038 1003 1085 aeternitate
1023 1034 1253 1100 eclypsin.
1356 1034 1454 1083 Sed
1476 1031 1545 1082 est
1570 1037 1661 1084 alia
1680 1033 2068 1089 animadverfio‚

323 1118 424 1166 qua
449 1104 676 1167 priorem
705 1111 980 1164 exaggerat,
1006 1096 1442 1148 animadvcrfione
1464 1101 1514 1147 ὃς
1539 1099 1635 1163 ipse
1659 1096 1989 1162 digniffimus,
2012 1100 2066 1147 in

319 1168 556 1230 Peripato
583 1180 693 1212 non
722 1175 826 1211 tam
848 1165 993 1217 civis,
1016 1161 1171 1226 quam
1202 1163 1388 1211 Primas
1415 1195 1429 1215 ,
1457 1158 1622 1219 Justus
1654 1160 1869 1226 Lipsius:
1907 1159 2065 1224 quam

319 1230 403 1280 hic
422 1230 485 1277 de
505 1225 827 1290 Philosophia
852 1225 909 1274 fit
932 1226 1062 1275 bene
1090 1227 1323 1278 meritus,
1348 1228 1398 1275 &
1426 1225 1668 1275 docendo
1684 1258 1697 1279 ‚
1725 1227 1774 1275 ὅ(
1797 1224 1860 1273 ad
1885 1225 2067 1274 (1οᾶῐί-

320 1309 398 1346 nze
430 1291 682 1341 sanstioris
718 1291 848 1354 leges
879 1290 1128 1343 vivendo,
1158 1291 1211 1337 in
1241 1289 1440 1338 erudito
1469 1288 1614 1338 Orbe
1643 1288 1822 1353 hospes
1856 1285 1925 1337 est
1944 1322 1956 1344 ,
1981 1290 2070 1352 qui

321 1359 539 1421 ignorat.
638 1355 701 1403 Et
714 1366 886 1402 tamen
904 1352 1237 1417 Philosophus
1260 1366 1423 1401 tantus
1438 1387 1449 1407 ,
1470 1368 1549 1407 re,
1571 1355 1620 1403 δε
1653 1354 1868 1402 nomine
1891 1349 2067 1410 justus,

323 1421 410 1470 ubi
445 1415 558 1485 post
585 1419 696 1468 vitae
727 1416 897 1466 sanetae
934 1416 1220 1481 praemifl'as,
1256 1416 1319 1464 ad
1348 1416 1664 1465 inferendam
1696 1416 1914 1479 denique
1943 1433 2067 1466 con-

323 1482 604 1533 clusionem
628 1481 656 1531 a
677 1494 846 1529 morte
872 1481 965 1530 fuit
985 1479 1319 1534 ncccllitatUS,
1339 1479 1624 1529 infremuit:
1661 1495 1782 1529 nam
1804 1480 1928 1530 vidit
1949 1481 1994 1529 se
2014 1482 2068 1529 in

324 1562 521 1615 agqne,
546 1546 630 1595 ubi
662 1547 714 1593 in
747 1556 1023 1593 momento
1055 1546 1238 1598 unico,
1270 1545 1440 1592 aeterni
1469 1543 1600 1592 Iusta
1626 1546 1904 1592 momenti:
1944 1544 2068 1593 vidit

325 1607 505 1660 instare
525 1607 731 1661 instans,
756 1606 782 1658 ὲ
804 1623 910 1669 quo
931 1608 1042 1656 solo
1058 1641 1070 1661 ,
1092 1620 1201 1656 tota
1230 1607 1415 1670 pendet
1434 1609 1700 1654 aeternitas:
1738 1607 1862 1656 vidit
1887 1607 2066 1670 Pytha·

82 1685 299 1743 Rupertm
328 1675 556 1739 goricam
583 1673 798 1719 litteram
819 1673 890 1724 Y,
922 1673 1002 1719 cui
1032 1673 1188 1718 vitam
1216 1669 1438 1718 hominis
1469 1668 1682 1717 similem
1714 1672 1905 1732 antiqui
1932 1670 2066 1719 dixe-

81 1751 112 1795 l.
132 1747 237 1804 4.-ἱη

328 1749 440 1787 rant
459 1734 616 1800 Sophi
631 1768 644 1788 ‚
668 1751 753 1798 εμπ
771 1732 824 1779 ab
844 1750 925 1780 uno
946 1734 1071 1780 άιιὲἶιι
1096 1736 1322 1794 incipiens,
1335 1731 1493 1790 finitur
1517 1734 1561 1778 in
1582 1731 1748 1778 bivium
1772 1730 1937 1782 faustae
1954 1766 1967 1787 ,
1982 1734 2065 1784 vel

83 1815 299 1865 Gen.c.29
331 1797 551 1850 infaustae
575 1799 870 1847 aeternitatis.
973 1797 1139 1850 Vidit,
1163 1794 1306 1859 quod
1334 1796 1417 1844 ubi
1449 1795 1681 1844 ceciderit
1702 1796 1880 1850 arbor,
1902 1797 1982 1856 vel
2001 1797 2067 1846 ad

331 1860 689 1915 Austrum,vel
711 1861 1051 1923 Aquilonem,
1066 1860 1134 1908 ibi
1160 1862 1357 1930 erit-per
1378 1871 1542 1907 totam
1566 1861 1912 1908 aeternitatem:
1931 1858 2068 1909 ¹hine

82 1940 225 1988 Drex.
253 1935 302 1979 de
332 1928 394 1977 ad
414 1927 672 1992 Sapientiae
690 1924 875 1974 Sedcm
906 1926 955 1971 in
986 1923 1091 1972 haze
1114 1924 1303 1988 suspiria
1324 1924 1506 1986 erupit:
1550 1922 1653 1981 adfis
1681 1923 1952 1984 Philofhpho,
1971 1940 2066 1970 cum

83 2014 226 2049 aetern.

331 2005 426 2039 tota
447 1990 627 2038 luffanti
657 1989 896 2036 aeternitate
911 2011 928 2042 ‚·
974 2003 1047 2033 nec
1081 1988 1199 2034 illum
1230 1986 1387 2044 deseras
1415 1989 1459 2032 in
1489 1987 1769 2038 momento,e?
1798 2003 1878 2050 quo
1907 1988 2066 2048 pendet

331 2066 562 2102 aeternztas.

459 2116 659 2168 LEUC:
727 2114 954 2164 Infelices
982 2113 1318 2180 Philosophos
1338 2147 1351 2168 ,
1379 2111 1464 2162 nifi
1494 2113 1545 2160 in
1573 2124 1807 2177 tempore
1835 2112 1964 2162 bene
1993 2113 2063 2163 di-

92 2187 243 2248 Ecclesl
259 2199 301 2245 9.
335 2179 609 2246 stinguant,
640 2180 964 2228 aeternitatem
994 2181 1122 2226 inter
1152 2182 1200 2229 &
1225 2191 1446 2242 tempus:
1484 2192 1561 2221 non
1591 2180 1702 2221 enim
1732 2180 1871 2229 ratio,
1898 2194 1971 2223 nec
1994 2178 2064 2235 fit-

328 2249 496 2305 pientia
510 2277 522 2298 ,
542 2244 806 2300 necsciemia
830 2243 940 2301 apud
966 2241 1138 2299 inferos.
1208 2243 1363 2288 MEL:
1432 2239 1572 2301 Quid
1594 2236 1646 2287 ni
1668 2240 1857 2289 ibidem
1879 2256 1964 2305 per
1984 2257 2062 2290 ex-

334 2309 628 2372 perientiam
642 2307 841 2359 discant,
856 2305 998 2367 quod
1015 2321 1101 2370 per
1119 2306 1387 2353 Scientiam
1407 2304 1587 2352 discere
1607 2301 1690 2352 hic
1710 2304 2065 2368 neglexerunt?

335 2367 468 2421 certe
490 2385 582 2417 nec
602 2369 682 2418 sua
702 2384 829 2417 orco
850 2368 1009 2417 deesse
1030 2368 1361 2433 problemata,
1377 2364 1506 2415 testis
1526 2363 1594 2416 est
1610 2368 1691 2415 ille
1711 2367 2060 2431 Philosophus,

337 2433 400 2482 de
441 2448 547 2497 quo
579 2433 904 2480 Innocentius
934 2433 1038 2482 111.
1078 2431 1310 2496 Pontifex
1357 2428 1456 2479 fide
1493 2428 1798 2495 dignissimus
1831 2464 1844 2484 ,
1877 2430 1961 2478 etfi
1995 2429 2061 2479 de

336 2495 572 2548 cathedra
587 2511 698 2547 non
716 2495 967 2559 loquatur.
1067 2497 1189 2552 Hic,
1208 2490 1419 2546 infausta
1444 2497 1597 2550 sorte,
1621 2495 1921 2607 damnatusf)
1942 2493 2064 2541 cum

1921 2571 2005 2606 ro-
