2177 2905
406 92 497 138 124
948 75 1188 125 Academia
1217 76 1466 123 Brutormn.

334 186 476 223 mere
505 169 804 223 conabatur,
823 183 920 233 prae
943 167 1289 234 indignatione
1308 160 1530 231 proiecta
1553 164 1604 213 in
1621 163 1850 214 tabulam
1867 156 2092 232 spongia,
2153 171 2167 180 “

332 236 396 284 ad
419 234 719 284 miraculum
736 266 748 286 ,
770 232 1046 281 naturalem
1067 231 1295 296 spumam
1327 225 1778 292 expreffit,fhrtund‚
1797 225 1969 292 castique
1990 231 2094 276 Na.

330 311 478 346 turam
497 297 649 343 melias
677 293 934 358 affi’quente‚
962 293 1017 344 ut
1044 294 1255 344 Authot
1278 289 1346 341 est
1368 292 1566 342 Plinius.

456 361 655 411 LEUC:
725 361 852 409 Non
872 374 980 408 uno
1001 359 1106 406 telo
1127 368 1316 406 armata
1337 352 1406 404 est
1423 353 1672 422 pharetra:
1709 353 1843 403 aliud
1870 353 2096 418 profero,

329 424 474 487 quod
494 424 573 473 vel
591 421 689 487 ipsc
709 421 982 487 suppeditat
1007 422 1257 485 Stagirita,
1283 419 1409 468 dum
1437 418 1635 483 apibus,
1661 420 1714 469 ὅ(
1740 417 1965 466 formicis
1985 434 2098 483 pru-

333 489 557 536 dentiam
579 487 778 538 tribuit,
815 486 1019 534 rationis
1045 483 1223 534 filiam,
1259 497 1369 545 quae
1391 480 1662 530 necessario
1689 481 1896 530 vinculo
1908 496 2098 530 conne-

335 566 451 599 xam
471 553 629 614 arguit
652 549 920 597 rationem.
1023 548 1136 597 Nec
1168 542 1278 594 lane
1307 542 1594 596 immeritoz
1640 555 1775 592 tanta
1805 547 1940 593 enim
1970 543 2097 593 tam-

89 596 270 645 Plf”·l·¹
287 610 304 642 ¹
337 629 434 676 que
458 629 565 662 rara
588 613 852 676 sagacitatis
886 610 1041 659 edunt
1063 609 1329 674 specimina
1352 641 1367 661 ,
1404 621 1457 657 ut
1477 603 1861 657 Aristomachus
1881 607 2097 657 Solenfis

93 676 131 708 c.
145 672 191 721 9.

335 692 498 726 annos
526 673 747 724 omnino
783 677 857 733 585
884 672 1116 723 Philiscus
1145 670 1268 720 vcro
1296 670 1502 721 Thasius
1530 683 1694 719 totam
1717 670 2099 735 propemodum

335 742 493 790 vitam
515 742 563 788 in
586 737 906 788 observandis
931 735 1345 794 earummoribus
1366 735 1495 782 bene
1517 733 1870 796 consumptam
1895 733 1987 781 ess'e
2003 736 2098 782 exi·

333 800 559 853 stimarit.
661 803 863 865 Percipe
882 800 1118 865 paucula,
1142 801 1189 848 ἃ
1211 796 1261 846 in
1287 799 1508 846 minimis
1529 798 1742 843 maxima
1765 793 2094 860 obstupesces.

337 867 388 917 A
430 882 478 916 es
501 864 834 914 monarchico
854 874 1093 927 reguntur
1116 863 1337 924 Imperio
1360 892 1373 913 ,
1411 861 1607 921 Regem
1628 856 1656 905 a
1683 859 1878 906 Natura
1901 859 1964 906 ad
1989 861 2100 909 Ma-

92 946 308 996 AEljanm,
336 931 379 988 je
427 943 559 978 atem
578 945 675 994 prae
688 928 889 990 reliquis
912 924 1239 974 efformatum
1252 918 1771 973 honorant,submissis
1794 922 1844 969 in
1860 921 1961 977 ejus
1974 937 2098 971 con-

109 2187 291 2249 Virg.40

109 2257 154 2302 G
158 2267 323 2313 eorng.

111 2329 167 2364 21
178 2323 325 2376 9.(9*c.

330 993 499 1059 spectu
521 992 727 1042 aculeis:
766 991 979 1053 Imperia
1003 986 1289 1050 dispensanti
1314 984 1697 1049 obtemperant:
1723 984 1866 1032 domi
1887 985 2103 1043 excubiis

338 1060 540 1120 Regem
562 1066 754 1119 tegunt,
769 1052 888 1100 foris
910 1052 1126 1099 comites
1150 1048 1240 1098 suis
1261 1048 1484 1113 praesidiis
1508 1060 1806 1111 protegunt:
1844 1046 2103 1097 sublevant

340 1121 548 1172 fessum,
586 1133 651 1166 eo
673 1115 967 1164 confidente
989 1109 1142 1163 castra
1174 1124 1427 1161 metantur
1455 1113 1716 1159 unanimes
1737 1143 1751 1164 ,
1784 1110 2100 1161 aberrantem

340 1185 603 1249 inquirunt
625 1214 639 1234 ,
674 1180 921 1229 Colonias
946 1177 1328 1226 transferentem
1358 1174 1628 1237 sequuntur
1663 1207 1676 1227 ,
1713 1189 1777 1222 eo
1804 1186 1953 1238 capto
1974 1177 2104 1239 capi-

339 1262 520 1299 untur,
558 1245 845 1294 dilabuntur
865 1257 1045 1291 omnes
1068 1239 1256 1288 eodem
1277 1237 1464 1288 occiso.
1576 1237 1716 1302 Qid
1737 1238 1982 1302 amplius?
2017 1253 2101 1287 ve,

338 1313 536 1376 sparum
560 1307 958 1362 insidias,locatis
982 1303 1044 1353 ad
1064 1315 1266 1368 portam
1289 1301 1519 1352 excubiis,
1545 1314 1740 1349 arcent:
1779 1302 2100 1351 Aranearum

339 1378 498 1428 furta,
534 1387 710 1421 amaro
735 1371 949 1434 glutine,
985 1366 1261 1417 alvearibus
1284 1364 1513 1414 obduC'to
1533 1363 1819 1429 prohibent.
1904 1366 2103 1427 Magni·

341 1439 501 1489 ficum
522 1437 678 1500 Regi,
714 1435 806 1482 alia
823 1433 923 1489 aliis
942 1465 955 1485 ,
992 1430 1276 1480 conditioni
1301 1428 1684 1493 proportionata
1714 1427 1895 1477 cubilia
1922 1427 2103 1478 exstru-

343 1515 460 1553 unt:
499 1499 694 1548 labores
717 1497 845 1547 aetati
864 1494 1186 1544 conformes,
1225 1490 1495 1554 habitaque
1508 1492 1688 1540 virium
1703 1494 1897 1540 ratione
1911 1491 2105 1557 dispen-

341 1567 469 1616 sant:
507 1579 614 1612 non
633 1572 839 1610 exeunt,
864 1559 950 1607 nisi
963 1557 1121 1606 Coelo
1143 1555 1455 1608 sereno,ncc
1478 1554 1603 1603 ultra
1625 1553 1782 1619 passus
1795 1557 1872 1609 60,
1887 1555 1974 1605 nifi
1984 1571 2103 1620 prae.

343 1626 494 1678 millis
509 1621 721 1690 provide
743 1620 1155 1687 exploratoribus.
1239 1620 1330 1667 Hae
1356 1617 1477 1664 foris
1504 1618 1676 1680 legunt
1698 1619 1858 1666 mellis
1875 1618 2104 1669 Ambro-

345 1692 485 1743 fiam,
505 1690 595 1738 illae
611 1687 826 1735 domiin
852 1683 1100 1748 ergateriis
1121 1670 1288 1730 cerssn
1312 1678 1614 1727 conficiunt:
1648 1682 1699 1729 in
1718 1683 1842 1744 agris
1861 1696 1970 1729 non
1989 1682 2106 1731 dor·

345 1758 514 1805 miunt
537 1750 621 1800 nisi
644 1751 821 1814 supinae
838 1783 852 1799 ‚
887 1762 952 1795 ne
977 1746 1074 1793 alas
1099 1759 1181 1792 ros
1210 1744 1481 1790 matutinus
1526 1742 1588 1790 acl
1620 1743 1901 1792 volandum
1924 1746 2102 1794 reddat

345 1818 613 1869 inhabiles:
651 1813 802 1862 flante
825 1809 1005 1859 fortius
1029 1807 1186 1857 AEolo
1201 1839 1213 1860 ,
1235 1821 1377 1854 crura
1406 1817 1613 1867 gravant
1634 1806 1805 1869 lapillis
1826 1839 1840 1860 ,
1876 1823 1940 1855 ne
1963 1807 2101 1858 forfi-

347 1894 432 1931 tan
452 1881 771 1944 abripiantur.
839 1872 970 1922 Illud
995 1875 1181 1919 mirum
1198 1902 1211 1922 ,
1248 1867 1390 1931 quod
1413 1869 1600 1916 eodem
1615 1881 1848 1932 tempore
1868 1874 1918 1920 ὅ(
1933 1886 2107 1922 come.

347 1945 471 1994 dant
495 1956 677 1992 omnes
706 1971 719 1993 ‚
757 1941 806 1988 ὅ(
827 1936 1016 1985 eodem
1046 1932 1249 1983 bombo
1274 1931 1428 1980 veluti
1457 1928 1668 1980 buccina
1689 1964 1701 1986 ,
1739 1931 1801 1980 de
1819 1934 1986 1998 Regio
2005 1937 2107 1985 Im-

385 2010 491 2056 erio
516 2004 698 2055 moniti
721 2035 735 2057 ‚
771 2001 834 2050 ad
852 2001 1075 2062 quietem
1097 1994 1383 2045 concedant
1405 2028 1420 2048 ,
1455 1990 1748 2058 code‘mque
1775 1993 1916 2060 figno
1946 1998 2009 2046 ad
2035 1999 2103 2047 la-

386 2086 497 2120 ores
516 2065 690 2117 denuo
708 2075 1029 2114 revocentur.
1107 2059 1242 2110 Sileo
1265 2058 1357 2107 alia
1377 2089 1392 2112 ‚
1427 2072 1537 2121 quae
1557 2058 1826 2108 admiratus
1855 2056 1926 2108 est
1945 2062 2103 2114 Vates

348 2136 431 2187 ille
451 2135 697 2183 laureatus
712 2162 724 2182 ‚
747 2128 871 2176 dum
890 2126 1069 2175 cecinit
1089 2137 1100 2172 τ

670 2196 754 2240 Hbs
774 2191 947 2254 quidam
964 2188 1091 2248 fignis
1113 2221 1127 2242 ‚
1150 2199 1278 2246 atque
1298 2185 1378 2232 haec
1401 2185 1591 2245 exempla
1602 2184 1741 2241 fi’cuti
1751 2221 1766 2238 ,

676 2254 768 2313 Effie
790 2252 938 2313 apibus
949 2263 1120 2312 partem
1143 2252 1294 2296 divina
1320 2252 1494 2301 mentis,
1519 2252 1574 2297 (Τ
1598 2248 1784 2303 haustra*

675 2318 901 2365 AEthereos
918 2316 1079 2362 di.r‹?re.

111 2377 329 2430 Prov·⁶·6
355 2387 610 2440 Formicas
623 2377 766 2445 qu'od
783 2379 980 2443 spectat,
999 2379 1186 2438 Imperio
1200 2378 1500 2424 Democratico
1517 2377 1701 2440 regitur
1716 2377 1908 2426 illarum
1920 2377 2107 2443 Respu-

112 2465 162 2498 υ.
176 2456 223 2504 7.

356 2452 484 2502 blica
501 2465 516 2502 3
534 2450 583 2498 δε
599 2445 805 2509 quidem
821 2443 883 2492 ad
894 2444 1098 2492 rationis
1110 2443 1238 2505 leges
1257 2452 1361 2487 tam
1377 2439 1625 2493 exaitomt
1635 2437 1874 2489 haberent
1885 2441 2103 2491 Solones

358 2514 446 2589 ipsi
466 2509 611 2577 quod
640 2507 905 2562 discerent,
930 2506 1175 2571 Lycurgi,
1195 2502 1340 2569 quod
1364 2502 1750 2555 admirarentur,
1803 2505 1941 2569 Quid
1964 2506 2099 2616 enaim

1930 2581 2000 2633 ΡΟ
2019 2597 2040 2613 ’-
