2222 2905
664 76 938 139 Maujblaeum
971 76 1335 142 Peripateticum
1782 89 1808 140 5·

17 214 19 216 .
93 172 491 230 lacedaemones
523 171 796 241 Lycurgo:
838 174 966 225 Sinae
979 173 1264 225 Confutio:
1309 174 1544 224 Romam
1570 170 1751 238 ipsam,
1785 172 1872 227 sub

94 239 334 292 Romulo
357 237 650 288 deformem
675 238 900 294 caulam,
924 235 1036 288 imo
1068 239 1284 286 latronum
1306 237 1571 300 speluncam,
1599 237 1877 289 meliorem

93 307 147 354 in
169 303 415 357 formam,
430 301 656 367 redigere
673 304 850 353 Numa
871 300 1206 368 Philosophus
1229 301 1419 350 debuit.
1487 301 1688 350 Paucis:
1725 303 1878 368 origi-

94 383 193 419 nes*
206 367 310 415 suas
330 363 600 416 revolvant
612 365 944 431 Respublicae,
965 368 1016 416 <Sc
1035 365 1229 431 semper
1246 366 1522 419 invenient,
1537 363 1877 430 Philosophos

96 431 177 482 vel
200 428 459 480 Authores
473 461 487 483 ,
506 429 587 479 vel
609 429 1023 479 Reformatores:
1059 441 1114 478 ut
1135 425 1266 479 adeo
1287 430 1519 478 Socrates
1549 443 1659 477 non
1681 427 1875 494 inepte:

97 493 342 553 Philosbphi
359 489 543 550 efficiunt
565 492 715 539 divina
735 491 862 552 misse,
892 493 1079 540 hnmana
1106 506 1276 552 regere:
1314 495 1364 543 δε
1381 490 1503 554 quid
1525 504 1666 555 putas
1689 493 1752 541 ad
1763 493 1876 545 Phi-

93 555 336 621 losophiae
350 555 570 620 gloriam
593 553 755 606 afferri
774 553 923 621 poffit
943 556 1353 606 convenientius?
1400 552 1516 604 Imo
1534 554 1874 623 Philosophos

95 636 189 671 nec
219 616 511 668 ostracismis
530 619 770 675 infameS,
794 635 890 669 nec
917 620 1137 668 Pontico
1168 619 1350 682 dignos
1388 620 1587 673 littore,
1631 616 1872 671 testantur

96 695 344 734 coronata
373 683 749 748 etiamCapita,
773 699 886 747 quae
913 679 1138 732 maluere
1164 681 1192 732 ὲ
1216 682 1531 748 Philosophis
1560 685 1690 748 regi,
1712 684 1872 749 quam

96 762 293 812 regere:
331 744 498 811 potius
524 742 723 800 instrui,
753 745 909 809 quam
937 761 1172 811 regnare:
1208 744 1343 811 prius
1372 746 1582 811 imperia
1617 751 1868 814 accipere,

95 808 404 876 quamdare.
439 807 695 874 Philippus
713 809 938 859 Macedo
965 809 1119 858 latere
1139 821 1188 857 te
1210 811 1403 872 nequit,
1416 812 1503 873 qui
1527 807 1870 862 aModerato-

19 900 31 915 ι
97 890 151 924 re
174 870 485 936 Philosopho
520 870 544 930 (
559 871 796 936 Lyfidem
821 870 1114 938 appellant)
1149 872 1405 922 moderari
1435 875 1638 937 Sceptra
1658 891 1768 925 non
1793 876 1870 925 so-

96 937 207 988 lum
232 935 427 989 didicit,
450 933 532 984 sed
554 934 770 985 didicisse
797 936 992 1001 insuper
1016 932 1086 984 est
1110 935 1366 1000 gloriatus.
1467 937 1783 995 Alexander,
1813 954 1870 987 re

100 1005 151 1052 ὅ(
169 1001 383 1049 nomine
405 999 651 1064 MagnUS,
668 995 695 1048 ὲ
718 1000 955 1063 Stagiritae
977 1000 1172 1064 imperij
1238 1002 1289 1050 ὅ(
1310 998 1398 1049 fibi
1422 1002 1472 1051 &
1496 1000 1635 1056 orbi,
1658 1016 1763 1051 tam
1785 1003 1869 1051 be-

98 1080 164 1113 ne
186 1062 357 1112 didicit
377 1063 651 1126 imperare,
674 1074 728 1111 ut
750 1062 931 1120 majori
960 1062 1130 1127 gloriae
1197 1076 1364 1113 uceret
1379 1096 1392 1118 ,
1412 1063 1458 1112 se
1479 1064 1772 1132 Philosophi
1799 1065 1869 1115 fa·
1897 1110 1900 1111 a

98 1128 236 1176 stum
255 1124 350 1174 esse
363 1124 839 1190 discipulum,quam
856 1137 1036 1174 natum
1055 1124 1148 1174 effe
1161 1126 1349 1176 Mundi
1366 1127 1725 1178 Monarcham.
1745 1132 1868 1179 Pro-

96 1189 220 1239 bant
248 1188 352 1237 hoc
377 1187 573 1252 insuper
596 1201 676 1236 tot
706 1188 907 1237 obelisci
936 1187 1176 1242 honoris,
1210 1189 1369 1238 erecta
1406 1202 1486 1238 tot
1515 1193 1788 1242 Mausolaea
1817 1196 1868 1245 ὃς

100 1269 220 1306 arae,
242 1264 322 1299 tot
358 1253 511 1299 etiam
542 1251 768 1314 Regibus
787 1251 1043 1316 ‚denegata
1074 1253 1247 1315 gloriae
1277 1266 1643 1313 monumenta,
1686 1257 1868 1319 quibus

97 1317 358 1369 PlatoneS,
387 1313 718 1378 Pythagoras,
746 1315 1000 1367 Socrates,
1022 1316 1070 1363 <Sc
1101 1315 1378 1383 Stagiritas,
1400 1317 1535 1366 velut
1563 1320 1870 1383 Regnorum

99 1379 355 1431 Atlantes,
379 1378 676 1426 adoraverat
697 1376 832 1425 orbis
847 1409 860 1431 ,
883 1375 1122 1440 insculpta
1143 1377 1332 1441 ubique
1351 1380 1640 1446 epigraphe:
1687 1396 1779 1430 tum
1799 1385 1892 1430 dev-ff

100 1458 215 1488 mum
248 1439 395 1486 beatas
407 1439 507 1499 fbre
539 1439 839 1500 Rei-publicas,
866 1439 961 1485 etim
987 1441 1060 1486 vel
1088 1441 1332 1502 Pl22'l0fi2phi
1361 1458 1614 1503 regnarent,
1639 1448 1712 1493 vel
1731 1450 1869 1507 Reges

92 1503 502 1566 philofhpharentur.
571 1500 689 1552 Imo
713 1504 793 1552 vel
814 1501 923 1567 ipsis
945 1505 1083 1551 caecis
1103 1503 1166 1552 ad
1194 1505 1404 1554 oculum
1427 1506 1531 1556 hoc
1555 1507 1869 1559 demonstrat

99 1566 254 1615 fictilis
278 1566 487 1631 Episteti
507 1566 736 1620 lucerna,
765 1581 874 1629 quae
902 1565 929 1615 a
959 1567 1178 1631 pretioso
1208 1567 1522 1635 Philosopho
1553 1584 1751 1622 tantum
1784 1574 1869 1622 ha-

98 1630 205 1679 buit
225 1631 281 1677 in
301 1630 426 1678 orbe
446 1632 662 1694 pretium
675 1663 687 1683 ,
713 1642 767 1678 ut
785 1630 920 1679 illam
938 1664 950 1685 ,
971 1630 1124 1679 tribus
1144 1629 1498 1682 drachmarum
1521 1637 1738 1685 millib-us
1751 1673 1766 1689 ,-
1789 1653 1868 1686 or-

100 1693 171 1742 bis
196 1694 462 1757 ·Principes
496 1694 828 1742 licitarentur:
883 1697 931 1743 ὃ(
972 1693 1094 1758 quid
1123 1693 1249 1743 ultra
1286 1707 1421 1759 petas
1449 1698 1512 1747 ad
1533 1699 1866 1765 Philosophiae

98 1756 611 1805 commendationem
635 1757 716 1805 vel
738 1756 984 1806 efficacius
1010 1758 1085 1805 vel
1106 1758 1396 1821 gloriosius?
1447 1761 1481 1810 fi
1511 1778 1633 1828 ergo
1657 1765 1868 1814 censuris

98 1819 370 1869 fulminant
389 1819 553 1868 Sancti
576 1821 764 1869 Patres,
791 1833 973 1869 tremat
1003 1821 1185 1886 spuria,
1209 1822 1295 1871 sub
1323 1823 1467 1872 lauro
1494 1822 1586 1875 stat
1612 1843 1753 1883 vera,
1779 1825 1868 1876 sta-

98 1879 276 1946 bitque
300 1882 494 1947 semper
515 1882 860 1947 Philosophia:
896 1899 1007 1932 non
1034 1885 1168 1932 enirn
1190 1882 1276 1934 ista
1301 1886 1542 1936 haeresum
1562 1890 1757 1946 Mater,
1786 1891 1870 1940 sed

97 1947 333 2000 malleus,
354 1962 464 1994 non
484 1947 726 1994 vitiorum
759 1949 922 1995 nutrix
945 1980 958 2001 ,
985 1946 1066 1996 sed
1097 1948 1359 1998 Virtutum.
1426 1952 1626 2016 Experti
1653 1953 1757 2003 hoc
1791 1955 1869 2003 sae-

66 2056 76 2064 .
98 2009 424 2125 pius-Isiebici
443 2005 683 2073 Sophistae
699 2043 712 2064 ,
743 2008 860 2061 hinc
883 2009 1080 2076 philoso
1118 2011 1293 2060 hicum
1317 2014 1536 2078 lapidem
1565 2016 1690 2065 dum
1713 2019 1876 2067 veluti

144 2074 318 2138 ydium
339 2073 612 2137 reprobant
627 2107 639 2127 ,
659 2073 896 2138 probant-
988 2077 1064 2124 Te
1109 2087 1253 2124 antur
1274 2076 1500 2126 lunaticae
1523 2079 1867 2130 Machometis

84 2137 296 2202 *Talpae,
324 2151 434 2199 quae
457 2138 573 2199 quia
598 2137 790 2202 Talpae,
815 2152 1047 2186 errorum
1062 2150 1313 2194 amantes,
1336 2140 1668 2206 Philosophi-ae
1696 2146 1867 2194 lucem

104 2202 153 2250 ὅ(
171 2199 369 2263 fugiunt
385 2233 398 2254 ,
432 2203 481 2249 &
503 2211 861 2249 contemnunt.
946 2201 1050 2267 Ipse
1073 2203 1298 2261 Julianus
1323 2201 1571 2269 Apostata
1601 2223 1866 2260 nunquam

102 2259 261 2326 magis
295 2259 363 2310 est
393 2262 673 2327 persecutus
703 2263 1000 2325 Ecclesiam,
1039 2264 1195 2328 quam
1226 2266 1311 2314 ubi
1339 2268 1617 2331 persecutus
1644 2261 1870 2321 Philoso-

101 2325 298 2391 phiam,
321 2326 446 2374 dum
469 2326 602 2374 illam
619 2321 647 2374 ὲ
668 2323 952 2376 Christiano
977 2329 1102 2377 orbe
1135 2329 1428 2394 proscripsit.
1513 2333 1668 2391 Cujus
1698 2337 1871 2384 Muso-

101 2384 317 2452 mastigis
343 2391 643 2455 vituperium
665 2392 888 2446 unicum,
905 2389 974 2440 est
989 2395 1177 2457 grande
1201 2393 1531 2461 Philosophia:
1546 2400 1841 2447 encomium
1856 2431 1869 2453 ,

1906 219 2043 269 Tittae

1906 288 2014 333 Liv-

103 2451 169 2501 εὸ
183 2451 677 2515 qubdaNazianceno
699 2450 833 2508 teste,
856 2455 965 2502 nihil
978 2472 1177 2521 unquam,
1197 2458 1271 2520 mfi
1277 2463 1439 2522 grande
1449 2457 1601 2508 bonum
1620 2464 1871 2522 vituperare
1938 2475 1941 2478 ·

101 2516 376 2575 confiteverit.

892 2581 945 2634 A
981 2594 1005 2641 3
1609 2588 1806 2640 LEUC:
