2177 2905
371 91 430 153 56
783 125 786 127 -
945 104 959 136 Γ
979 89 1228 154 Diphthera
1236 88 1389 151 Jovss.

303 187 494 238 Divina
510 179 860 236 Providentia,
885 194 994 245 quae
1027 186 1122 232 tuis
1147 182 1214 232 sat
1241 179 1485 232 comodis
1519 180 1814 245 providere,
1838 179 1920 231 v'cl
1940 194 2071 236 caeca

302 250 495 310 nequit,
519 247 601 297 vel
625 246 789 295 renuit
811 245 997 300 invida,
1017 247 1100 296 vel
1113 262 1228 295 non
1247 241 1413 311 potest
1430 245 1664 295 invalida.
1741 246 1860 309 Age
1881 260 1966 310 per
1986 258 2071 295 me

302 314 445 366 licet,
465 310 553 361 tibi
576 310 783 375 ipsemet
806 310 1045 376 provide,
1070 310 1105 360 si
1129 310 1252 373 quid
1274 309 1454 358 melius
1477 309 1608 358 velle
1632 320 1806 374 potes,
1833 307 1994 371 quam
2018 309 2072 358 il-

302 378 349 426 le
371 375 516 431 velit,
540 376 628 437 qui
648 389 758 422 non
786 371 951 439 potest
969 389 1080 423 non
1105 372 1343 423 omnibus
1372 372 1502 422 velle
1523 375 1718 438 opt-ima
1751 368 1946 436 optime
1961 405 1974 427 ,
1997 384 2073 421 ut-

302 452 426 505 pote
458 441 697 504 optimus.
800 438 933 487 Illius
950 450 999 486 te
1021 439 1191 486 manui
1215 436 1471 498 subtrahe,
1509 439 1595 499 qui
1616 436 1835 485 tenerius
1858 448 1907 484 te
1936 447 2073 485 amat

302 507 448 555 Pater
470 536 483 557 ,
513 500 674 565 quam
702 500 801 564 ipse
833 499 982 566 possis
1005 534 1019 556 ,
1049 501 1136 563 qui
1169 498 1334 549 utilius
1363 500 1452 548 tibi
1486 500 1724 564 providet
1757 499 2071 557 Promotor‚

211 590 229 595 „
303 566 461 632 quam
485 567 583 630 ipse
606 565 739 613 scias.
841 566 892 613 O
922 577 973 612 te
996 564 1262 617 miserum,
1287 561 1322 611 fi
1343 578 1430 628 per
1461 562 1664 612 adversa
1684 575 1828 627 putas
1858 575 1908 610 te
1933 561 2074 611 mise-

303 632 446 682 rum!
500 625 709 677 didicisti
726 627 964 693 nondum
980 660 994 683 ,
1014 627 1158 691 quod
1177 623 1204 676 ὲ
1223 625 1547 691 Philosophia
1567 629 1719 675 etiam
1743 625 1983 675 Ethnicus
2006 626 2076 675 di-

304 695 494 744 dicerat
517 693 626 741 Bias
643 725 656 746 ,
693 690 820 742 dum
849 690 994 740 dixit:
1060 688 1283 750 Infelicem
1304 705 1422 742 eam,
1446 693 1521 753 qui
1543 687 1846 748 infelicitatem
1874 706 1954 735 non
1981 688 2076 747 fer.

303 772 389 807 ret.
459 751 687 806 Didicisti
711 754 969 810 nondum,
985 755 1129 818 quod
1144 753 1498 803 Anaxarchus:
1527 755 1616 816 qui
1637 768 1701 801 ne
1725 753 1945 802 revelare
1968 751 2079 817 pos-

306 823 375 872 set
399 819 624 873 celanda,
643 820 694 867 in
714 820 1020 868 mortarium
1041 817 1297 874 comestus
1311 816 1432 865 cum
1451 818 1750 865 tunderetur
1770 849 1782 868 ,
1803 817 1883 863 ille
1897 817 2080 865 ridenti

307 886 500 935 similis:
527 884 710 935 tundite,
725 883 903 945 inquit,
923 882 1248 933 Anaxarchum,
1269 882 1415 925 Sidera
1425 880 1529 935 celsa
1535 880 1679 938 petit··.··
1714 879 1893 928 Utilius
1908 878 1942 926 si
1957 879 2079 941 quid

309 948 426 999 esset
441 981 455 1003 ,
477 945 635 1011 quam
655 948 782 1011 pati,
803 947 1001 994 Divino
1022 944 1148 993 Filio
1176 940 1467 1006 providifl'et
1484 943 1651 995 Pater,
1683 953 1872 1006 utpote
1887 939 2081 992 infinite

310 1011 512 1063 dilecto.
537 1009 784 1060 Patiendo
804 1019 1050 1071 augentur
1072 1009 1628 1070 merita‚expunguntur
1648 1003 1963 1059 demerita,&
1981 1005 2080 1056 levi

309 1077 475 1143 pretio
495 1084 819 1137 comparatur
833 1070 1091 1120 immensae
1108 1069 1279 1134 gloriae
1298 1068 1516 1133 pondus,
1554 1069 1690 1118 Hinc
1706 1067 1996 1118 fortunatos
2015 1083 2081 1118 ne

308 1152 430 1206 puta
448 1139 740 1203 improbos:
777 1149 900 1184 nam
933 1131 1248 1197 Philosopho
1278 1135 1523 1186 fortunae,
1557 1147 1667 1180 non
1698 1133 1809 1181 sunt
1826 1131 1914 1181 nisi
1942 1132 2082 1182 bona

306 1207 560 1256 Fortunae,
584 1200 733 1250 beare
757 1209 1044 1262 nequeunt,
1062 1200 1182 1260 >quia
1203 1196 1417 1246 volubili
1439 1195 1812 1259 rotaeimposita
1825 1212 1838 1249 3
1864 1196 1980 1258 quia
2003 1212 2080 1245 ex·

309 1281 469 1321 terna,
485 1266 536 1316 δὲ
557 1264 724 1314 alieno
747 1262 962 1320 subjecta
987 1261 1221 1310 arbitrio:
1259 1259 1502 1309 felicitatis
1523 1259 1731 1325 limpida
1754 1260 1997 1324 scaturigo
2017 1260 2081 1309 ab

308 1332 488 1381 animo
509 1326 680 1382 stillat,
710 1328 785 1376 tui
803 1341 1026 1391 compos
1052 1324 1087 1374 si
1120 1323 1235 1380 fiaS,
1267 1322 1422 1373 habes
1452 1323 1745 1372 felicitatem
1772 1338 2048 1388 perennem
2065 1355 2080 1378 ,

307 1396 427 1459 quia
452 1391 841 1442 inauferibilem.
945 1388 1087 1454 Qid
1110 1387 1314 1437 multis?
1351 1387 1489 1437 Crux
1510 1387 1805 1437 Elcetorum
1825 1383 1894 1435 est
1913 1385 2082 1436 chara-

308 1454 572 1509 Eteristica:
611 1454 734 1520 ergo
766 1455 1009 1503 felicium.
1111 1452 1218 1502 Cur
1239 1462 1289 1499 te
1309 1452 1547 1514 torques?
1584 1452 1684 1516 pati
1705 1449 1896 1500 neceffe
1916 1446 2082 1506 est,n'i

308 1520 340 1574 ὲ
360 1520 661 1571 mortalium
682 1518 803 1568 albo
825 1531 876 1567 te
895 1518 1018 1566 velis
1039 1515 1373 1581 expunstum:
1408 1514 1590 1564 melius
1625 1512 1748 1579 ergo
1776 1516 1955 1579 pateris
1985 1528 2081 1579 pro

309 1588 511 1637 virtute.
614 1584 722 1632 Pati
741 1579 934 1630 neceffe
961 1577 1058 1634 est,
1081 1591 1168 1628 aut
1186 1579 1343 1629 bene,
1367 1590 1453 1628 aut
1484 1574 1646 1627 male:
1685 1580 1852 1627 minus
1876 1579 2082 1643 pateris,

309 1649 346 1698 fi
368 1649 499 1697 bene
518 1647 713 1711 pateris,
734 1660 854 1692 nam
872 1644 994 1691 lenit
1011 1641 1213 1691 adversa
1230 1643 1411 1690 virtus:
1449 1642 1558 1704 plus
1576 1643 1771 1705 pateris,
1793 1641 1827 1688 fi
1846 1638 1980 1689 male
2035 1656 2082 1692 a-

312 1713 427 1761 teris
442 1744 456 1765 ,
477 1724 599 1758 nam
627 1710 809 1756 invitus
829 1706 1026 1756 animus
1045 1701 1131 1753 hic
1150 1715 1302 1768 auget
1324 1701 1566 1751 dolorem
1580 1735 1593 1757 ,
1613 1702 1680 1753 ibi
1700 1718 1913 1767 poenam
1933 1702 2002 1752 'do
2026 1719 2083 1752 0-

321 1778 403 1825 ris.
505 1773 611 1821 Pati
631 1771 824 1819 neceffe
843 1765 912 1817 est
929 1801 941 1823 ‚
968 1780 1054 1817 aut
1091 1764 1201 1821 hic,
1231 1777 1323 1815 aut.
1336 1766 1438 1816 ibi:
1481 1781 1579 1814 nec
1605 1765 1691 1829 ipsi
1718 1763 1925 1815 Christo
1958 1780 2083 1815 con-

315 1835 506 1888 cessum
531 1845 660 1887 erat,
682 1835 734 1882 in
751 1844 970 1894 utroque
991 1830 1170 1880 saeculo
1202 1827 1296 1878 effe
1313 1828 1537 1878 beatum.
1583 1829 1718 1881 Vide
1737 1831 1900 1893 igitur,
1925 1828 2083 1892 quam

315 1901 410 1953 sint
427 1899 595 1949 felices
623 1895 708 1946 hic
736 1895 983 1945 infelices:
1019 1890 1271 1942 tristantur
1292 1893 1588 1949 modicum,
1612 1904 1928 1942 coronantur
1949 1906 2085 1942 aetera

320 1965 473 2015 num:
512 1958 693 2011 contra
719 1958 875 2022 quam
902 1957 1120 2007 infelices
1141 1955 1234 2006 sint
1251 1953 1335 2004 hic
1358 1955 1550 2005 felices:
1588 1971 1712 2005 nam
1731 1956 1953 2020 gaudent
1968 1971 2084 2006 mo-

319 2029 519 2080 dicum,
543 2025 827 2074 cruciantur
855 2020 1116 2071 aetcrnum.
1216 2018 1316 2069 Sed
1334 2019 1550 2083 Sapienti
1573 2034 1756 2085 pauca5
1785 2019 1943 2074 abeo,
1967 2021 2017 2069 &
2047 2019 2085 2068 fi

321 2091 496 2156 quaeris
510 2090 774 2141 Severine,
803 2085 926 2148 quid
944 2081 974 2134 ὲ
996 2082 1328 2149 Philosophiae
1357 2083 1586 2146 alloquio
1609 2082 1808 2147 Sophus
1829 2082 2086 2132 didiceris?

77 2177 291 2240 Diogenes
323 2170 445 2205 cum
467 2153 556 2203 illo
580 2149 893 2215 Philosopho
913 2163 1132 2214 repone:
1157 2147 1393 2209 praevidere
1412 2148 1602 2205 adverfiz,
1625 2148 1681 2194 (φ
1701 2148 1795 2193 etim
1813 2147 2082 2200 advenerint,

325 2222 399 2267 illa
421 2220 642 2279 patienter
653 2213 792 2274 ferre.
893 2214 1016 2263 Haec
1049 2211 1137 2261 ubi
1167 2211 1313 2265 dixit,
1333 2212 1562 2265 evanuit,
1594 2210 1659 2260 ad
1694 2205 1922 2275 ergastuli
1948 2209 2085 2264 fores

326 2283 464 2335 hunc
485 2278 691 2346 affigens
710 2278 954 2331 Severino
980 2274 1363 2342 Horoscopum.

1591 2461 2004 2560 HORO-
