2177 2905
740 111 938 180 &5323
972 117 1061 176 265
1097 108 1296 178 Q&

71 234 146 284 ιι.
181 219 287 282 Qis
300 217 429 279 furor
447 215 518 273 est,
541 217 652 265 viles
670 216 696 264 ἆ
715 215 834 265 nobis
857 215 1009 267 haberi
1031 217 1210 267 animas,
1231 228 1335 278 quas
1352 212 1482 259 etiam
1508 207 1721 258 Diabolus
1738 214 1868 268 putat
1890 200 1964 261 effi!

53 280 582 350 pretiosit53ExDiscursu
601 281 711 339 3.de
729 283 896 330 anima
909 281 1140 329 inMicr.1
1153 276 1376 332 2.Hostem
1389 270 1508 333 odisse
1517 272 1554 333 fi
1574 274 1854 332 cupis‚corpus
1865 269 1961 314 ode-

65 352 151 397 ris:
187 349 343 394 nullum
370 344 445 399 isto
462 343 678 402 salubrius
705 345 859 395 odium,
883 344 1017 390 nullus
1045 339 1168 396 hostis
1197 340 1251 394 esi
1274 339 1412 401 pejor.
1485 350 1558 394 13.
1579 337 1956 383 Momentaneum‚

62 411 172 476 ‘cluod
187 408 382 471 delec'iat,
402 419 600 454 aternum
621 408 729 470 quod
746 409 923 454 cruciat.
982 419 1055 464 14.
1077 399 1251 463 Periiffiz
1263 403 1408 460 semel,
1430 413 1628 448 aetcrnum
1651 395 1720 450 est.
1773 407 1847 455 15.
1860 396 1963 442 Mo-

63 487 232 525 mento,
257 487 342 536 quo·
349 481 516 532 peccas,
529 481 712 532 pereunt
734 472 907 521 merita,
932 470 1145 516 clauditur
1174 469 1324 516 Coelum
1339 499 1352 520 ‚
1371 467 1564 527 aperitur
1580 460 1803 521 Infernas:
1838 468 1964 506 tanta

64 538 186 598 eligis
205 547 285 596 pro
307 535 475 581 tantillo
497 537 518 580 ,Ι
583 535 654 583 Ex
671 532 901 583 Discursu
918 545 965 591 4.
989 533 1137 582 Micr.
1173 531 1236 593 de
1266 532 1448 580 anima.
1522 528 1595 575 16.
1618 525 1787 574 DEUS
1807 520 1962 586 ubique

57 603 176 647 auris
203 596 258 650 eli
278 608 302 652 ‚⁴
345 598 402 645 (θ’
434 597 591 645 oculus.
693 608 766 654 17.
820 601 910 642 Pro
949 608 1016 642 tot
1049 611 1145 642 reus
1172 597 1346 659 quisque
1373 592 1428 647 est
1452 629 1466 644 ,
1521 602 1623 655 quot
1643 590 1736 653 quis
1769 587 1959 634 traxerit

68 663 125 709 ad
153 673 338 709 reatum.
410 663 485 710 18.
505 661 682 718 Qoties
711 660 854 711 audis,
875 657 901 705 ὰ
931 659 1056 705 malis
1073 661 1274 719 perverti
1301 657 1457 704 bonos?
1491 671 1566 702 cur
1590 654 1778 714 experiri
1799 651 1966 704 mavis,

63 724 189 788 qudm
208 724 408 770 credere?
480 737 552 781 19.
576 725 736 774 Aures,
761 723 951 773 (foculi,
973 725 1120 768 animae
1128 723 1288 783 scopuli
1300 739 1312 767 .·
1347 733 1414 768 tot
1435 718 1605 781 periere
1619 752 1629 768 ‚
1651 729 1827 781 quorum
1845 714 1964 759 dam-

61 805 114 834 no
126 787 274 848 fizpere
295 784 430 846 poffis,
450 785 488 843 fi
505 786 632 833 velis.
651 788 720 834 Ex
733 785 963 835 Discursu
986 799 1026 842 5.
1054 785 1118 834 de
1132 801 1267 836 aure,
1299 786 1350 835 ὅ(
1378 783 1553 832 oculo.
1581 795 1657 830 20.
1684 781 1731 826 A
1748 787 1959 831 momento
2035 808 2044 815 .

55 851 215 911 pendet
234 850 463 895 aeternitas.
534 862 610 895 21.
633 849 786 895 Fixum
799 848 875 907 fit,
890 865 1099 911 nunquam
1117 851 1161 894 in
1177 867 1224 894 eo
1236 848 1356 901 statu
1377 850 1547 900 vivere,
1567 847 1611 891 in
1631 859 1711 907 quo
1735 857 1813 888 non
1833 840 1962 886 aude·

65 929 134 960 res
153 913 285 958 mori:
313 910 502 968 securius
519 908 589 963 est,
608 914 755 971 perire
772 928 851 957 non
865 909 998 971 poffe,
1023 911 1148 974 quam
1159 911 1292 972 juxta
1310 911 1546 971 periculum
1566 924 1646 953 non
1662 897 1841 966 periiffi’.
1881 915 1957 951 22.

62 973 314 1038 Ubicunque
332 975 529 1020 ceciderit
550 973 692 1025 arbor,
715 973 778 1020 ibi
804 977 912 1021 erit:
942 972 1070 1033 felix,
1088 974 1126 1033 fi
1147 976 1200 1020 ad
1219 974 1446 1027 Austrum:
1467 969 1635 1030 infelix,
1654 968 1685 1029 (i
1708 969 1760 1014 ad
1780 965 1962 1029 Aquilo-

59 1054 170 1086 nem-
205 1052 233 1082 2
240 1051 282 1095 3-
305 1035 534 1089 Christiano
554 1036 776 1090 crastinum
795 1053 875 1083 non
898 1036 967 1090 esi.
1006 1050 1084 1096 24.
1103 1040 1228 1085 Mors
1244 1039 1360 1086 Echo
1383 1039 1506 1082 vitae:
1530 1034 1640 1081 male
1663 1033 1774 1078 mori
1792 1031 1956 1091 nequit,

59 1103 261 1166 quivixit
274 1099 400 1145 bene.-
425 1103 505 1146 vix
521 1099 655 1162 potest
676 1103 787 1147 mori
805 1099 922 1152 bene,
945 1104 1018 1164 qui
1034 1103 1154 1148 vixit
1172 1103 1297 1148 male.
1348 1103 1417 1150 Ex
1429 1095 1658 1148 Discursu
1679 1096 1722 1140 6.
1745 1094 1807 1143 de
1829 1093 1960 1140 som-

59 1181 151 1218 no,
176 1167 225 1214 <Sc
248 1163 466 1212 somnio.
536 1177 611 1220 25.
638 1163 734 1211 Vae!
759 1168 889 1211 etiam
908 1163 1114 1211 laudabili
1135 1168 1236 1212 vitae
1260 1166 1493 1216 hominum,
1508 1160 1544 1220 fi
1577 1156 1740 1207 remota
1764 1157 1959 1215 discutias

62 1227 360 1285 misericordia.
428 1227 502 1273 26.
531 1226 605 1274 Ibi
618 1244 696 1274 non
715 1241 937 1291 quaretur,
962 1227 1087 1291 quam
1109 1227 1211 1274 bene
1227 1230 1403 1278 dixeris,
1425 1225 1492 1277 led
1511 1223 1637 1287 quam
1655 1220 1757 1269 bene
1775 1221 1957 1266 vixeris.

67 1303 143 1350 27.
174 1290 275 1338 cum
302 1290 356 1334 ad
372 1299 594 1349 peccatum
626 1294 831 1343 tentaris,
857 1295 1022 1350 cogita:
1050 1290 1148 1351 fors
1165 1292 1242 1338 hoc
1270 1294 1356 1338 erit
1378 1290 1602 1338 ultimum,
1629 1301 1707 1349 quo
1738 1295 1959 1330 numerum

64 1356 318 1414 compleam:
353 1352 539 1410 Judicia
560 1356 686 1401 DEI
708 1352 865 1414 abyffiaes
884 1355 1038 1402 multa.
1107 1359 1184 1405 28.
1209 1358 1253 1401 Si
1272 1353 1410 1408 stares
1428 1353 1481 1397 ad
1499 1352 1714 1399 Divinum
1733 1344 1956 1397 Tribunal‚

56 1419 158 1480 quid
177 1427 344 1475 cuperes
357 1417 376 1462 ,ἒ
384 1414 460 1473 f'ac
477 1417 573 1476 ergo
591 1434 712 1470 nunc,
725 1419 833 1481 quod
844 1417 1000 1474 solatio
1019 1417 1106 1464 tibi
1119 1421 1289 1478 poterit
1306 1415 1380 1475 effe
1394 1429 1509 1464 tunc.
1578 1414 1646 1462 Ex
1661 1409 1889 1460 Discursu
1905 1420 1954 1467 7.

63 1482 114 1529 δί
130 1477 471 1543 8.dePhyfi0g.
503 1494 577 1539 29.
599 1484 633 1528 O
654 1482 776 1540 longa
800 1483 1041 1527 AEternitas
1057 1484 1077 1528 Ι
1109 1483 1210 1544 quid
1230 1498 1310 1528 non
1319 1479 1564 1540 faciendum
1581 1474 1678 1526 tibi,
1693 1488 1889 1520 aeternum
1907 1484 1959 1518 ut

56 1542 110 1598 [is
134 1542 312 1589 beatus?
330 1544 428 1603 quid
450 1559 529 1589 non
545 1546 792 1603 patiendum
810 1542 908 1595 tibi,
928 1557 1127 1591 aternum
1149 1562 1200 1591 ne
1210 1546 1268 1605 sis
1286 1542 1535 1590 damnatus?
1574 1552 1647 1595 30.
1668 1536 1804 1584 Nihil
1817 1549 1958 1595 grave

60 1608 247 1655 timenti,
270 1617 346 1650 aut
360 1604 549 1665 speranti
567 1619 737 1653 aeterna.
810 1619 883 1659 31.
903 1609 948 1651 Si
967 1611 1162 1658 tentaris,
1190 1624 1346 1671 quare:
1383 1622 1436 1650 an
1455 1616 1598 1650 autem
1611 1613 1764 1661 potero
1787 1596 1957 1645 habita·

55 1685 104 1715 re
124 1684 216 1716 cum
235 1670 328 1727 igne
345 1669 577 1715 devorante
590 1671 613 1716 ζ
669 1680 743 1725 32.
768 1674 812 1716 Si
823 1667 909 1714 tibi
925 1666 1076 1725 adesset
1097 1672 1299 1717 damnata
1316 1686 1369 1714 ex
1382 1672 1489 1714 Orco
1507 1667 1674 1711 anima:
1696 1663 1797 1725 quid
1812 1669 1959 1721 putas

59 1734 219 1779 diceret
229 1733 248 1777 ἕ
282 1732 325 1775 id
343 1729 471 1790 iPffim
489 1732 555 1776 dic
570 1730 655 1783 tibi
665 1764 678 1784 ‚
699 1732 755 1779 (θ’
766 1731 859 1791 fac,
885 1733 995 1794 quod
1015 1732 1114 1778 olim
1129 1731 1296 1789 fabium
1310 1727 1433 1790 fuiffe
1452 1730 1595 1775 velles.
1669 1739 1688 1782 3
1700 1739 1742 1783 3.
1758 1726 1954 1770 AEterni-

57 1798 145 1844 tati
163 1793 410 1850 thesauriza
429 1826 441 1843 ‚
464 1795 664 1856 quidquid
676 1796 886 1855 collegeris
906 1796 1038 1846 aliud,
1051 1793 1218 1854 auferes
1236 1796 1359 1842 nihil.
1428 1806 1502 1850 34.
1520 1792 1660 1838 Nulla
1668 1788 1775 1845 stitis
1801 1800 1954 1846 magna

48 1860 275 1918 securitas,
290 1854 364 1901 ubi
378 1857 657 1914 periclitatur
669 1860 924 1904 AEternitas.
998 1870 1072 1914 35.
1096 1862 1239 1904 Omnis
1256 1858 1429 1917 jactura
1451 1851 1703 1915 reparabilis
1724 1853 1768 1896 in
1787 1850 1865 1897 hac
1883 1851 1954 1896 vi-

56 1935 104 1969 ta
121 1931 276 1980 praeter
296 1928 473 1976 tempus.
542 1919 612 1967 Ex
634 1919 861 1968 Discursu
879 1921 1074 1978 9.Micr.
1095 1920 1158 1969 de
1174 1934 1422 1985 tempore,
1447 1921 1496 1969 ὅ(
1518 1917 1800 1966 aeternitate.
1828 1947 1835 1952 ·
1872 1912 1948 1970 36·
1998 1921 2004 1925 '

57 1988 104 2032 Si
116 1980 238 2031 labor
250 1993 404 2033 terret,
426 1996 582 2026 merces
602 1984 777 2029 invitet.
851 1995 923 2040 37.
947 1985 1032 2032 Ad
1055 1981 1207 2030 bonum
1229 1995 1329 2043 opus
1356 1982 1578 2029 alliceris?
1613 1981 1774 2038 cogita:
1804 1973 1949 2035 forsan

59 2048 158 2096 huic
176 2046 349 2103 alligata
366 2043 671 2103 predestinati«)
685 2063 698 2090 .·
718 2061 838 2092 nemo
855 2049 1053 2106 cognovit
1066 2047 1221 2104 AEnfitm
1237 2049 1431 2094 Domini.
1510 2046 1586 2103 38-
1602 2045 1793 2100 Dignum
1814 2037 1885 2092 esto
1900 2050 1950 2085 1⁴5

58 2112 131 2173 qui
149 2112 198 2153 in'
213 2104 401 2152 omnibus
418 2119 462 2152 te
482 2120 616 2159 amat,
632 2111 676 2155 in
700 2108 889 2155 omnibus
901 2123 1114 2157 amantem
1134 2111 1321 2157 redames
1334 2110 1539 2157 DEUM.
1575 2107 1644 2155 Ex
1656 2101 1886 2153 Discursu
1903 2114 1921 2148 1
1934 2136 1947 2150 .

56 2174 258 2234 Megac.
278 2168 339 2247 qe
357 2169 561 2219 Mundo
581 2168 786 2222 coelesti.
857 2186 929 2230 39.
959 2176 1099 2219 omnia
1126 2177 1193 2220 uti
1220 2175 1320 2220 vult
1341 2173 1518 2224 DEUs,
1541 2184 1589 2216 tu
1617 2183 1779 2232 quoque
1808 2166 1945 2211 velis:

58 2238 168 2282 velle
187 2232 337 2305 melius
358 2247 437 2276 non
452 2244 597 2292 potes:
632 2252 706 2281 nec
726 2234 923 2291 asumme
946 2238 1060 2282 Bono
1081 2240 1230 2282 venire
1258 2237 1415 2283 malum
1433 2232 1584 2294 potest.
1652 2244 1730 2289 40.
1752 2231 1816 2277 Ut
1836 2227 1946 2275 nihil

52 2301 255 2361 patiaris,
277 2311 320 2339 m
337 2306 414 2340 tua
433 2311 513 2340 non
529 2295 582 2347 est
595 2298 823 2357 potestate.-
854 2301 953 2357 pati
971 2300 1132 2361 aliquid
1153 2298 1300 2345 debes:
1337 2297 1506 2344 tantum
1526 2311 1626 2342 cura
1640 2327 1654 2349 ,
1675 2310 1726 2339 ne
1746 2292 1835 2351 sine
1856 2306 1944 2337 me-

58 2365 146 2410 rito
160 2360 362 2421 patiaris.
430 2359 499 2406 Ex
522 2358 750 2411 Discursu
773 2362 1028 2425 2.Megac.
1054 2362 1116 2410 de
1127 2363 1266 2426 Mag.
1291 2358 1479 2412 Astrol.
1547 2372 1625 2417 41.
1645 2357 1831 2404 Tantum
1844 2365 1946 2414 per-

57 2426 255 2472 mittitur
275 2423 449 2493 Paemon
466 2433 658 2474 tentare,
679 2437 880 2486 quantum
896 2424 1075 2483 prodest.
1141 2440 1221 2485 42.
1243 2429 1371 2486 Spera
1387 2427 1430 2471 in
1447 2426 1577 2470 ΠΕΟ
1592 2454 1605 2475 ,
1625 2423 1699 2482 qui
1716 2421 1771 2466 ὄσ·
1786 2417 1948 2475 juvare

58 2488 158 2535 ‘⁸1⁴st
167 2521 180 2538 ‚
211 2499 311 2548 qma
327 2482 454 2530 bonm
473 2500 483 2529 ἕ
499 2483 597 2539 stit,
615 2489 716 2548 quia
724 2486 913 2548 sapiens:
947 2491 1087 2544 valet,
1107 2492 1208 2553 quia
1226 2491 1511 2549 Omnipotens.
1577 2486 1647 2534 Ex
1662 2477 1890 2531 Discursu
1899 2490 1948 2537 4.

62 2557 115 2606 ὃς
139 2564 160 2612 5
169 2549 399 2615 .·Megac..
415 2548 476 2598 de
488 2549 626 2616 Mag.
640 2549 789 2601 Diab.
812 2583 817 2586 -
856 2563 936 2610 43.
950 2554 1014 2668 ᾗ
1018 2565 1180 2601 terram
1209 2553 1366 2614 diligis,
1389 2565 1508 2600 terra
1525 2565 1591 2596 es:
1617 2546 1654 2605 fi
1675 2544 1943 2668 temporflia,

1030 2631 1086 2667 m
1741 2619 1838 2654 tran
1853 2623 1889 2655 t·
