2177 2905
767 110 914 160 Momz'
944 105 1139 168 fenestra
1572 71 1574 73 '
1672 113 1762 169 195

80 206 218 259 lum:
252 203 397 259 vultu
424 204 648 261 tetricus,
671 205 851 256 colore
880 206 1095 260 luridus,
1123 201 1307 271 capillo
1338 199 1499 252 fuscus
1532 197 1602 251 est
1626 196 1714 250 iste
1735 200 1831 251 sur-

80 272 249 327 culus,
268 283 325 320 ut
344 270 474 319 bene
497 270 702 334 colligas
725 271 948 320 cerdone
973 270 1159 324 satum,
1180 272 1230 319 &
1255 267 1526 316 educatum
1546 268 1673 314 inter
1694 266 1828 313 calo-

80 350 185 384 nes.
285 335 469 384 Serm‘o
490 336 723 397 gravis,&
748 335 933 386 lentus,
961 332 1277 393 conversatio
1304 343 1410 378 tam
1435 329 1666 384 morosa,
1695 340 1752 377 ut
1775 327 1831 377 fi-

81 414 148 447 ne
169 397 282 447 actu
303 396 517 446 heroico
541 400 619 446 vix
644 398 773 445 bene
797 397 1067 462 periodum
1089 396 1330 444 absolvas,
1429 394 1575 442 Vires
1599 393 1828 456 corporis

82 461 354 524 languidae,
378 460 532 524 segnis
562 463 783 515 animm,
813 461 1009 509 indoles
1036 460 1270 508 obscura:
1308 472 1430 505 nam
1458 456 1659 504 nullum
1687 451 1834 504 facile

82 525 242 578 laedit,
261 521 342 572 sed
368 525 505 572 Pacis
531 539 736 578 amore,
759 526 903 589 pigro
927 526 977 571 in
1003 526 1142 576 otio,
1160 520 1412 571 lubentius
1431 519 1703 568 marcescit.
1772 520 1834 567 Et
1910 515 1921 531 “

78 587 314 650 nunquid
342 599 398 635 tu
440 584 616 636 existo
646 600 829 636 trunco
865 587 1219 636 Mercurium?
1264 584 1417 633 absit:
1465 582 1835 646 Phlegmatico-

81 649 524 704 Melancholicum
555 651 677 700 scito
699 684 712 705 ,
749 653 835 714 qui
865 651 1003 714 supra
1037 650 1243 698 rudium
1284 646 1670 711 atmosphaeram
1708 661 1836 693 nun-

80 729 238 777 quam
257 714 304 762 se
327 714 557 764 elevabit.
627 715 808 764 Alium
831 713 920 762 tibi
938 712 1071 776 finge
1095 712 1302 762 Palladis
1323 710 1694 760 Candidatum:
1730 708 1838 758 vul-

83 790 162 827 tus
193 777 434 831 albicans,
475 778 555 827 sed
586 778 775 840 absque
803 778 1025 842 pallore,
1054 777 1221 840 saepius
1254 790 1404 839 genas
1434 789 1543 822 non
1577 775 1839 821 inamoena

81 841 264 889 tinctus
289 841 556 890 rubedine:
595 858 696 891 vox
715 843 940 904 gravior,
963 852 1113 902 atque
1133 839 1412 892 articulata,
1433 836 1521 885 nili
1556 835 1708 887 verba
1730 834 1839 884 sub-

82 904 201 953 inde
234 905 431 952 mutilet
458 905 626 967 lingua
654 905 948 953 balbutiens.
1017 902 1335 953 Subride-ntia
1371 898 1742 963 aliquantulum
1769 899 1836 947 la-

83 968 180 1021 bia,
202 967 404 1032 capillus
425 967 488 1015 ad
510 968 683 1016 album
707 969 879 1030 vergit,
894 966 1141 1015 habitudo
1164 966 1391 1031 corporis
1413 963 1568 1017 bona,
1589 964 1708 1026 quia
1728 974 1836 1010 tam

84 1032 138 1080 in
159 1027 364 1085 statura,
388 1030 544 1093 quam
567 1033 617 1078 in
641 1030 961 1095 pinguedine,
986 1030 1049 1078 ad
1068 1029 1427 1078 mediocritatis
1448 1029 1649 1076 lancem
1669 1021 1837 1074 exaste

82 1095 276 1144 librata.
379 1096 554 1144 Mores
573 1094 607 1142 fi
628 1094 958 1158 introspicias,
989 1092 1330 1157 deprehendes
1351 1104 1617 1157 comptos,
1638 1105 1733 1138 nec
1767 1101 1836 1138 ta-

84 1173 209 1207 men
229 1158 291 1206 ab
317 1160 462 1206 omni
483 1156 809 1205 affeciationis
830 1173 977 1205 naevo
1004 1156 1196 1220 semper
1223 1159 1494 1217 immunes.
1595 1152 1833 1206 Videbis,

85 1219 234 1285 quod
255 1221 559 1269 munditiem
587 1234 773 1283 quaerat
797 1223 848 1268 in
868 1221 1000 1269 victu
1018 1253 1029 1274 ,
1067 1215 1244 1268 vestitu
1260 1252 1272 1272 ,
1306 1222 1357 1268 <Sc
1379 1219 1544 1280 Vultu:
1582 1214 1727 1280 quod
1750 1231 1837 1265 co-

87 1286 155 1334 lat
176 1285 359 1337 Musas,
373 1284 453 1333 sed
477 1301 587 1333 non
607 1285 717 1337 nisi,
740 1285 793 1332 ut
813 1284 974 1337 multi,
990 1283 1092 1331 hoc
1110 1280 1196 1336 est,
1222 1283 1283 1331 ad
1306 1282 1459 1344 usquc
1481 1281 1711 1330 medium
1725 1281 1838 1329 Pin-

87 1349 157 1403 di,
177 1348 240 1396 ad
264 1348 469 1396 culmen
490 1363 600 1396 non
620 1347 836 1396 ascendit
865 1362 985 1394 cum
1003 1347 1186 1410 paucis.
1236 1343 1593 1408 Cernes,quod
1616 1345 1839 1392 aliorum

85 1415 332 1461 carminet
360 1412 570 1459 libenter
593 1411 830 1463 actiones,
847 1413 895 1459 ὃ(
917 1424 1112 1462 mores,
1134 1408 1299 1474 AEso-pi
1329 1408 1506 1457 fabulis
1535 1407 1681 1471 quod
1709 1407 1840 1455 dele-

86 1475 272 1527 ctetur,
304 1490 535 1538 rumores
569 1474 801 1536 colligat,
827 1472 1069 1521 collectos
1100 1473 1313 1536 spargat:
1361 1469 1506 1534 quod
1545 1468 1860 1520 distrahatur¹

86 1553 209 1587 cum
243 1537 516 1591 defiderio,
549 1533 801 1586 distractus
833 1552 953 1585 cum
992 1536 1180 1600 gaudio
1206 1534 1349 1598 quod
1386 1547 1638 1600 operetur.
1739 1532 1838 1583 Etsi

86 1604 261 1652 minor
278 1603 330 1649 in
350 1600 575 1666 siugulis,
597 1599 772 1649 sufficit
792 1601 862 1648 illi
893 1600 1115 1665 pluribus
1148 1599 1193 1647 se
1227 1598 1321 1647 effe
1349 1601 1620 1648 intentum,
1685 1599 1841 1662 Expe-

87 1668 241 1720 rieris,
262 1662 407 1729 quod
428 1666 668 1714 amicitias
693 1660 837 1713 facile
861 1664 1012 1718 colat,
1033 1663 1188 1713 cultas
1209 1662 1398 1712 facilius
1429 1662 1598 1717 laedat,
1621 1661 1750 1710 laesas
1770 1661 1839 1710 fa-

87 1724 275 1778 cillime
298 1725 562 1778 restauret:
585 1744 703 1777 nam
733 1727 854 1777 ficut
876 1728 1051 1777 leviter
1076 1727 1122 1775 se
1143 1729 1327 1790 cuique
1354 1726 1749 1779 accommodat,
1771 1726 1841 1772 ita

86 1794 233 1842 nullo
255 1795 466 1856 negotio
487 1792 902 1842 benevolentiam
925 1803 1106 1856 captat.
1201 1792 1263 1840 Et
1288 1790 1520 1853 nunquid
1540 1789 1737 1839 bonam
1756 1787 1838 1835 hic

88 1856 260 1905 nastus
283 1857 352 1905 est
375 1856 636 1904 indolem?
666 1857 839 1917 utique
868 1854 1080 1907 bonam,
1096 1855 1211 1915 quia
1243 1853 1589 1918 phlegmatico
1610 1882 1629 1890 -
1651 1852 1839 1914 sangui-

88 1935 258 1972 neam,
273 1922 351 1968 cui
373 1935 436 1967 ne
462 1918 520 1967 fit
542 1919 749 1972 melior,
769 1929 940 1981 praeter
960 1916 1221 1965 choleram
1247 1915 1380 1964 deest
1403 1915 1541 1964 nihil.

218 1983 417 2034 LEUC:
486 1982 554 2033 Ut
581 1981 761 2033 video,
786 1980 1161 2028 cholericorum
1193 1995 1250 2026 ex
1282 1979 1400 2027 albo
1425 1994 1500 2031 es,
1521 1976 1640 2028 cum
1671 1976 1736 2026 fic
1768 1977 1839 2027 lit-

90 2046 259 2111 scipias
282 2046 620 2111 patrocinium
640 2044 870 2092 cholerae.
942 2042 998 2091 Id
1029 2055 1200 2090 tamen
1235 2058 1356 2106 pace
1379 2039 1464 2091 tua
1490 2039 1572 2090 hic
1601 2043 1838 2096 dixerim,
1901 2063 1904 2066 ⁴

90 2112 420 2173 temperiem,
445 2124 601 2173 quam
622 2119 813 2157 vocant
839 2106 901 2155 ad
924 2105 1128 2171 pondus
1144 2138 1157 2160 ,
1180 2108 1232 2153 in
1257 2105 1681 2170 Phyiiognomica
1710 2117 1838 2158 arte,

91 2175 279 2222 caeteris
303 2172 686 2237 praeponderare
713 2185 976 2234 nunquam
1010 2185 1119 2217 non
1154 2168 1326 2218 didici:
1364 2172 1474 2218 imo
1510 2170 1721 2217 memini
1753 2183 1839 2216 me

92 2235 284 2300 legiss'e,
307 2237 394 2298 qui
412 2235 482 2284 ob
508 2232 854 2300 praestantiam,
870 2235 1090 2282 numeris
1114 2233 1352 2281 omnibus
1382 2233 1689 2286 absolutam,
1709 2231 1840 2280 hanc

93 2295 298 2350 Christo
322 2297 846 2363 temperiem,cjusque
858 2299 1010 2346 Matri
1025 2297 1271 2360 Virgineae
1292 2293 1634 2345 adiudicarint.
1681 2297 1837 2342 MEL:

93 2362 348 2426 Equidem
368 2377 465 2426 ego
482 2361 535 2410 id
556 2377 664 2410 non
684 2360 909 2415 inficior,
944 2359 978 2408 si
1003 2372 1410 2424 temperamento
1434 2356 1561 2417 justo
1581 2359 1841 2423 intelligas,

96 2424 242 2488 quod
262 2424 436 2473 debes:
473 2440 582 2473 non
602 2424 727 2474 illud
754 2439 966 2488 nempe,
991 2423 1134 2486 quod
1156 2424 1331 2487 aequali
1357 2423 1498 2472 lance
1525 2422 1768 2471 humores
1790 2423 1844 2469 li·

97 2489 225 2542 brat,
250 2488 331 2536 sed
350 2488 516 2550 quod,
537 2485 659 2547 justa
677 2489 1028 2553 proportione,
1045 2487 1127 2535 tali
1147 2486 1347 2536 homini
1373 2487 1726 2539 conveniente,
1742 2483 1848 2532 eos-

101 2553 220 2604 dem
253 2551 503 2618 dispensat.
604 2551 763 2610 Hujus
784 2550 1002 2616 eaypon
1027 2549 1060 2598 fi
1081 2548 1108 2599 a
1126 2566 1211 2600 me
1229 2563 1439 2617 peteres,
1461 2550 1661 2601 colores
1685 2560 1844 2596 terere

931 2615 971 2665 B
990 2613 1022 2664 b
1057 2627 1087 2661 2
1641 2609 1789 2661 debe-
