2177 2905
510 92 912 156 Technophylacium
926 52 1176 152 *Phyficum
1628 101 1720 147 239

35 193 138 258 peri
159 187 504 240 consecratum
527 221 538 241 ,
562 184 702 249 quod
724 186 824 235 hoc
837 185 974 236 Artis
994 185 1228 248 prodigio
1251 185 1442 232 careat?
1476 186 1632 231 MEL:
1655 185 1788 233 Nec.

36 257 159 305 dum
186 253 272 302 tibi
303 252 517 302 revelata
539 252 673 301 Artis
695 252 891 299 Secreta
922 251 1096 297 omnia
1125 267 1136 293 ε
1175 247 1316 311 quod
1346 248 1584 296 ultimum
1611 281 1624 297 ‚
1659 248 1788 311 opti·
1807 262 2035 323 Augurel.

35 333 200 368 mum.
268 317 374 365 En!
404 313 815 378 Philosophieum
827 311 1071 374 Lapidem
1097 344 1109 365 ‚
1141 326 1228 376 per
1252 325 1406 375 quem
1430 308 1588 375 Sophi
1612 310 1787 358 intelli·
1819 329 1883 376 lus
1900 329 1929 375 L
1953 327 2003 371 de

35 393 162 446 gunt
178 380 437 444 pulverem
452 409 465 430 ,
481 391 565 426 aut
579 377 844 426 tineturam
866 375 1144 439 quamdam
1157 408 1169 428 ‚
1185 389 1282 438 qua
1299 373 1503 422 modica
1515 374 1619 422 auri
1633 387 1787 435 quan·
1819 388 2006 451 ωυρμ

36 443 146 493 titas
163 452 372 506 augetur
388 445 440 489 in
458 455 697 504 magnam
719 472 733 494 ‚
753 440 834 489 vel
858 438 1085 500 disposita
1119 439 1263 487 alieni
1296 437 1545 485 mineralis
1583 438 1788 484 materia
1819 456 1871 500 ad
1893 456 2023 500 Leon.

33 509 84 556 in
103 505 317 556 solidum
336 519 518 553 aurum
538 506 769 552 converti
792 501 969 567 potest.
1088 502 1172 553 De
1192 501 1403 550 meliore
1420 498 1514 549 hac
1528 498 1682 550 Midae
1696 500 1788 548 vir·
1820 520 1878 565 X,

40 570 156 634 gula
177 568 241 617 fic
263 563 418 616 nostri
437 568 678 631 temporis
697 568 877 615 Vates:

319 629 453 691 Ipsius
471 642 521 676 ut
539 632 660 676 tenui
672 629 865 690 projec'ici
889 641 1018 692 parte
1039 666 1052 682 ,
1077 641 1154 692 per
1169 630 1300 676 undas

323 695 528 757 AEquoris
560 692 581 750 ζ
606 706 827 752 argentum
845 693 883 751 fi
901 697 1055 739 vivum
1085 706 1177 739 tum
1191 691 1312 751 fbret
1328 688 1503 753 aequor)

323 760 455 804 Omne
475 756 547 802 vel
568 756 809 814 immenfiaem
836 759 956 803 verti
973 772 1092 803 mare
1104 754 1235 816 poffi’t
1260 759 1305 802 in
1323 770 1492 802 aarum.

40 822 109 873 Ut
131 815 269 870 adeo
292 820 478 867 mirum
499 833 609 867 non
628 817 711 870 fit,
741 819 885 881 quod
913 820 1186 883 pretiosum
1209 818 1345 868 hunc
1367 817 1583 882 lapidem
1615 848 1628 871 ‚
1650 829 1791 879 gem-

38 887 133 934 mis
159 881 398 932 omnibus
426 882 842 944 anteponendum
862 883 1034 935 ‚multi
1055 883 1323 932 secretioris
1337 882 1541 930 Naturae
1563 878 1795 944 sigillum,

40 951 93 997 &·
111 949 349 995 virtutem
375 944 642 993 auriferam
661 977 674 998 ‚
690 945 910 994 seminali
924 947 1388 996 viventium‘virtuti
1402 944 1611 993 similem
1632 976 1644 996 ‚
1676 955 1801 991 nun-

44 1007 286 1074 cuparint.
357 1007 437 1056 De
452 1006 617 1056 modo
638 1006 778 1065 hujus
798 1008 1155 1073 thaumatopaei
1179 1008 1349 1073 lapidis
1372 1006 1799 1057 conficiendinon

45 1073 287 1122 convenit
307 1072 437 1119 inter
459 1069 747 1119 ,Authoi-es:
785 1071 905 1119 alius
931 1073 1082 1119 alium
1105 1088 1196 1136 pro
1208 1074 1359 1136 genio
1382 1075 1432 1119 in
1448 1072 1659 1133 Ingenio
1681 1103 1693 1125 ‚
1720 1071 1800 1119 vel

45 1135 200 1185 furnis
221 1133 462 1182 Chimicis
483 1135 719 1195 excoquit
732 1166 744 1186 ‚
761 1146 815 1182 ut
835 1136 962 1182 inter
976 1147 1055 1182 tot
1074 1136 1263 1183 modos
1279 1135 1378 1183 Ars
1393 1130 1479 1181 ista
1497 1135 1553 1183 fit
1568 1133 1669 1182 fine
1686 1148 1799 1182 mo-

46 1199 144 1248 do:
168 1194 298 1246 adeo
318 1199 571 1245 incertum
589 1196 748 1260 ipsum
763 1196 1072 1261 Chrysurgiae
1093 1194 1161 1245 est
1179 1197 1590 1247 fundamentum.
1661 1197 1798 1245 Artis

43 1261 187 1319 huius
199 1260 403 1309 Natales
416 1258 636 1308 dicuntae
679 1275 739 1308 ue
752 1262 970 1308 incertos
987 1279 996 1307 :
1012 1261 1121 1309 sunt
1140 1294 1153 1314 ‚
1170 1264 1252 1323 qui
1268 1276 1401 1308 ceras
1420 1261 1546 1309 illius
1571 1259 1598 1309 a
1619 1260 1800 1309 Proto-

42 1322 203 1390 plasto
223 1323 475 1371 deducant
501 1339 514 1374 3
545 1323 653 1371 Aut
694 1339 838 1371 orem
872 1325 948 1381 alij
977 1320 1195 1372 statuunt
1218 1324 1586 1376 Salomonem3
1626 1323 1700 1381 alii
1736 1323 1800 1371 ad

46 1388 236 1438 fabulas
256 1398 644 1440 convertuntur,
662 1385 860 1449 ejusque
869 1386 1068 1451 genesin
1079 1387 1140 1434 ab
1161 1388 1340 1436 Aureo
1355 1388 1538 1436 vellere
1558 1420 1570 1440 ‚
1584 1381 1801 1451 pomisq3

46 1450 378 1515 Hesperidum
402 1449 667 1498 desumunt
690 1483 703 1503 ,
732 1447 994 1513 artemque
1017 1453 1066 1498 in
1090 1450 1331 1499 Pandora:
1355 1451 1547 1512 poculo
1578 1450 1802 1498 mortali·
1833 1456 2048 1515 l‚2,1³hys1

49 1515 142 1563 bus
165 1516 482 1578 propinatam
502 1515 789 1575 po'e'tantur.
839 1515 1092 1562 Omnium
1117 1508 1311 1576 optime
1331 1512 1799 1566 Conimbricenses‚
1831 1539 1926 1574 e.1.
1949 1532 2042 1585 47,

54 1578 180 1634 dum
199 1577 432 1637 inquiunt
454 1591 465 1620 ε
502 1577 620 1620 Auri
637 1575 755 1629 litera
765 1573 907 1633 fames
923 1611 935 1626 ,
968 1589 1018 1622 ut
1040 1591 1191 1621 aurum
1214 1578 1430 1622 inveniret
1449 1608 1463 1629 ,
1490 1576 1696 1622 Chimiam
1730 1591 1802 1621 ex-

51 1641 263 1699 cogitavit
276 1670 290 1689 ,
313 1650 451 1683 artem
466 1636 652 1683 Naturae
673 1639 746 1683 vel
762 1639 951 1684 aemulam
966 1671 979 1691 ‚
999 1639 1072 1684 vel
1091 1640 1284 1684 invidam
1300 1656 1313 1683 .·
1340 1638 1464 1686 dum
1491 1653 1642 1684 aarum
1656 1640 1802 1699 progi-

47 1718 178 1764 gnere
185 1700 344 1754 studet,
373 1700 481 1762 quod
499 1703 540 1743 in
544 1699 634 1754 fida
635 1700 732 1756 ft’de
742 1702 943 1746 Manium
968 1704 1096 1762 quaeri
1113 1702 1232 1756 fidet,
1259 1699 1314 1748 ut
1328 1704 1393 1749 ait
1403 1701 1613 1754 PliniuS3
1634 1697 1799 1764 quod·
1830 1699 1859 1746 l.
1878 1708 1952 1755 33-

53 1781 170 1829 que,
190 1776 244 1812 ut
257 1762 408 1818 iidem
422 1762 862 1811 Conimbricenses
883 1764 1177 1826 loquuntur,
1195 1763 1330 1810 Terra
1341 1762 1368 1809 ἀ
1368 1764 1417 1819 se
1425 1768 1694 1824 progenitum
1701 1778 1799 1822 gre-

56 1831 142 1875 mio
173 1825 352 1874 cohibet,
375 1841 450 1874 ne,
466 1824 504 1882 fi
525 1828 675 1884 pariat
690 1859 704 1875 ,
730 1842 809 1871 non
831 1839 921 1872 tam
942 1842 1094 1873 aarum
1109 1826 1285 1885 fundat,
1305 1827 1430 1888 (μιάνῃ
1449 1842 1657 1874 venenum
1678 1828 1804 1873 luxu-

54 1894 124 1938 ria:
139 1925 150 1940 ‚
167 1892 222 1936 ἔθ’
240 1888 453 1933 avaritae.
1716 1906 1719 1910 ·

214 1949 412 1999 LEUC:
483 1949 608 2012 Qis
623 1946 743 2013 ergo
757 1949 843 1999 tibi
867 1949 928 1998 de
942 1949 1258 2015 Chrysopaeia
1272 1950 1591 2002 famosissima
1611 1950 1801 2001 sensus?
1876 2006 1879 2010 ,

55 2031 119 2065 an
140 2012 168 2063 ὲ
185 2014 418 2076 Peripato
437 2012 668 2061 Veritatis
683 2013 770 2065 ‚ad
784 2013 1028 2062 fabulosas
1050 2015 1246 2078 Htopiae
1269 2014 1451 2064 Insulas
1480 2014 1802 2080 relegandam

56 2077 251 2127 censes?
318 2077 473 2122 MEL:
540 2072 783 2124 Minime:
801 2075 1131 2140 fifiiffragium
1147 2093 1321 2126 meum
1346 2080 1802 2142 exquiras‚illorum

59 2140 250 2189 accedo
275 2140 538 2187 Sententiae
553 2172 566 2192 ‚
589 2142 670 2201 qui
699 2155 783 2203 per
804 2139 1116 2189 Alchimiam
1135 2140 1516 2206 Chrysurgicam
1537 2157 1714 2191 aurum
1735 2140 1803 2189 ef-

58 2203 140 2253 fici
164 2202 325 2267 poffe,
348 2204 640 2264 neutiquam
661 2204 874 2266 spurium
892 2236 904 2256 ‚
930 2205 1214 2267 opinantur.
1236 2206 1314 2254 Sic
1338 2207 1474 2254 enim
1493 2221 1651 2270 arguo
1676 2222 1685 2251 :
1711 2218 1802 2268 po-

59 2264 152 2314 test
163 2267 262 2315 Ars
283 2280 391 2313 non
420 2265 595 2313 viliora
618 2263 782 2315 modo
804 2267 1003 2314 metalla
1018 2299 1030 2321 ‚
1055 2267 1301 2331 sedipsum
1316 2283 1524 2331 quoque
1537 2279 1802 2333 argentum

64 2332 114 2379 &
141 2344 320 2392 augere
343 2361 357 2382 ‚
389 2330 438 2377 ὃ(
461 2327 522 2377 de
541 2344 686 2378 novo
705 2330 1012 2393 producere,
1037 2329 1275 2379 Authore
1304 2332 1557 2395 stengelio
1573 2364 1586 2386 ‚
1607 2333 1693 2394 qui
1711 2332 1800 2379 ait:
1833 2320 2018 2383 Diffi-de

67 2396 306 2450 Argentum
327 2408 382 2437 ex
407 2404 579 2451 argento
602 2394 707 2438 vivo
725 2393 965 2453 nuperrime>
978 2391 1171 2451 fidium,
1191 2407 1320 2457 atque
1341 2393 1678 2454 Aurjfizbrorum
1704 2409 1803 2439 exa-
1836 2384 2045 2435 hon.Art.

68 2458 277 2502 minatum
299 2454 471 2507 judicio,
490 2452 800 2518 probatumque
817 2458 861 2501 in
885 2455 1078 2502 manibus
1098 2456 1245 2510 nostris
1264 2456 1374 2515 fuit.
1472 2454 1640 2507 Potest
1653 2456 1806 2505 Plata-
1836 2453 1880 2497 in
1896 2451 2010 2510 Spec-

63 2533 192 2570 num
214 2520 264 2566 in
278 2516 463 2567 Oleam
489 2528 706 2574 vertere,
731 2520 782 2571 ὅ(
801 2517 1041 2570 cadavera
1059 2521 1113 2570 in
1134 2517 1312 2571 statuas
1330 2521 1434 2572 salis
1460 2538 1470 2570 :
1506 2517 1615 2570 imo
1628 2515 1808 2583 potest,
1835 2510 2001 2562 Herod.

1597 2582 1749 2647 appli-
