2177 2905
775 64 921 139 Mami
949 87 1160 146 Renestra.
1673 93 1765 153 1:87

81 178 378 239 fiibtrIstem,
398 191 681 234 mutantem
700 178 866 248 s‘aepius
886 185 1069 240 vultus,
1085 196 1385 237 moventem
1409 185 1680 252 palpebras.
1749 187 1831 237 Sic

84 244 114 298 ὲ
129 247 428 312 ¹Philosophi
453 247 650 296 calculo
679 248 845 303 albus,
866 246 1121 313 purusque
1142 251 1193 297 in
1217 250 1386 298 fronte
1416 254 1565 300 color
1586 285 1600 306 ,
1623 254 1828 316 pingue-

81 310 153 360 do
181 313 233 360 in
260 310 443 365 oculis,
463 310 616 358 facilis
642 310 976 374 lacrymarum
1006 312 1139 361 fluor
1162 314 1394 362 animum
1426 326 1571 363 notat
1597 315 1828 371 mzssricor-

78 371 195 421 dem.-
231 374 452 421 liberalem
486 373 685 421 humeri
712 373 884 428 soluti,
918 375 1066 423 facies
1089 376 1292 440 ampla,
1316 377 1457 425 frons
1482 377 1700 442 superius
1731 378 1827 426 ele-

78 451 217 486 vata:
253 447 303 501 at
322 438 407 498 qui
431 439 687 491 contrariis
708 440 870 485 notati
894 437 1062 502 fignis,
1088 438 1283 487 duritiei
1307 442 1358 489 <Sc
1377 442 1588 490 avaritiae
1611 440 1826 505 probro-

75 500 184 549 sum
206 496 406 563 stigma,
428 499 658 564 probrosi
683 501 1044 550 circumferunt
1062 503 1346 551 Eucliones.
1431 503 1529 552 Sed
1551 519 1658 551 non
1681 515 1825 554 vacat

75 577 380 625 recoquere,
407 578 516 625 quae
548 562 693 611 costa
712 562 908 627 sparfim
940 565 1180 628 superius:
1219 577 1274 614 ut
1293 565 1482 631 singula
1507 565 1705 631 singulis
1743 583 1824 632 ap-

73 627 223 692 plices
238 658 251 680 ,
282 626 418 674 dabit
438 625 680 681 judicium
694 659 707 680 ,
729 626 874 688 quod
893 626 928 675 fi
949 627 1115 682 lubet,
1139 629 1358 692 explora.

201 689 403 739 LEUC:
470 689 528 738 Id
550 689 614 738 de
635 704 757 737 meo
782 689 968 745 judicio
997 687 1065 738 est
1093 692 1438 756 exploratum,
1468 695 1518 744 ὃς
1547 691 1746 745 mihi&
1765 695 1822 744 ti-

73 752 150 806 bi,
171 752 315 815 quod
333 767 442 801 non
463 751 579 801 raro
611 753 663 800 in
694 752 935 809 judicium
962 766 1163 818 peccet:
1207 754 1287 803 fac
1312 757 1476 818 igitur,
1492 756 1637 805 filum
1664 759 1822 822 porri-

74 832 185 881 gas,
207 818 259 864 in
280 818 532 880 praecipuis
557 815 728 864 [altem
745 820 1153 881 temperamentis
1169 851 1181 871 ,
1203 829 1257 867 ut
1276 817 1503 867 aberrare
1532 819 1616 867 etsi
1639 820 1791 869 velim
1805 853 1821 876 ‚

75 895 186 928 non
205 878 404 943 possim.
471 881 628 927 MEL:
696 881 918 934 Faciam,
941 892 994 928 ut
1014 881 1242 929 aberrare
1260 915 1272 935 ,
1297 881 1380 930 etii
1408 881 1582 947 poffis,
1602 898 1712 931 non
1740 899 1823 933 vc·

1858 326 2031 384 fldzfi‘rz’-

1856 393 2012 442 cordis.

78 943 153 991 lis.
222 945 647 1004 Temperamenta
669 941 1075 1005 simplicia,velut
1098 956 1372 1010 prototypa
1391 981 1403 996 ‚
1430 945 1698 1010 depingam
1727 949 1821 1009 pri·
1853 931 2028 997 Tempe·

77 1003 200 1054 mo:
237 1021 295 1053 ex
315 1005 452 1055 hisce
478 1005 630 1053 facilis
653 1007 741 1052 erit
761 1005 1028 1054 delineatio
1048 1009 1457 1070 conjuga-torum.
1557 1012 1701 1074 Age,
1723 1011 1819 1060 hos
1850 1015 1874 1044 r
1875 1015 2017 1046 amen-

70 1067 196 1117 mihi
253 1068 557 1121 emellos,ad
582 1068 719 1116 oculi
750 1069 1015 1122 trutinam,
1052 1071 1376 1119 membratim
1410 1071 1559 1121 libra:
1594 1071 1713 1121 huic
1741 1090 1821 1123 ru·
1852 1074 1944 1135 tum
1969 1068 2072 1110 San-

72 1131 200 1180 bore
257 1133 407 1180 orido
429 1131 557 1179 ridet
578 1146 783 1179 amoena
804 1131 974 1179 facies:
1011 1147 1254 1196 genarum
1275 1151 1546 1199 purpuram
1568 1133 1820 1202 distinguit
1845 1139 2065 1184 gumeum,

71 1197 247 1244 niveus
272 1195 488 1243 candor:
559 1195 816 1243 randiores
847 1196 984 1243 oculi
1000 1228 1013 1248 ,
1038 1197 1176 1245 velut
1204 1197 1368 1245 lucida
1392 1198 1588 1252 Sidera,
1611 1196 1819 1250 amoene
1853 1191 2020 1236 &Me-

73 1258 358 1307 scinti-llant:
397 1258 521 1322 capil
546 1273 599 1305 us
624 1259 674 1305 in
694 1257 866 1306 rufum
886 1259 1126 1322 paulatim
1144 1264 1437 1323 degenerat:
1475 1277 1820 1317 carnemmon
1852 1252 2054 1300 lamboli-

75 1321 294 1370 nimium
320 1323 560 1386 pinguem
592 1321 863 1369 emolliunt
886 1322 1040 1374 liicci,
1058 1336 1192 1384 quos
1224 1325 1344 1386 tegit
1370 1323 1534 1372 lenior
1562 1327 1710 1374 cutis:
1747 1327 1822 1376 so-

72 1400 230 1434 norus
254 1381 324 1431 est
352 1385 493 1434 vocis
514 1384 750 1446 clangor:
787 1385 1048 1431 concitato
1081 1396 1233 1433 motu
1261 1385 1454 1449 pulsant
1485 1390 1696 1437 arteriae:
1723 1390 1814 1438 fre-

71 1464 228 1512 quens
243 1481 257 1500 ,
277 1450 327 1497 &
350 1447 502 1495 facilis
527 1446 728 1509 exspirat
748 1445 924 1494 sudor:
961 1443 1276 1496 venustatem
1295 1449 1566 1498 amabilem
1600 1463 1708 1500 tota
1732 1454 1822 1517 spi-

74 1524 150 1560 rat
179 1512 405 1574 corporis
437 1509 741 1572 symmetria.
843 1509 918 1558 Illi
951 1509 1130 1558 contra
1150 1512 1201 1558 in
1231 1509 1402 1560 fronte
1431 1513 1551 1562 livet
1576 1513 1818 1564 obscurus

74 1575 244 1624 color:
281 1573 455 1621 horret
475 1587 610 1620 rarus
642 1573 787 1636 nigro
815 1574 867 1620 in
900 1575 1060 1637 capite
1079 1574 1307 1638 capillus:
1344 1576 1396 1623 in
1428 1577 1565 1625 tenui
1598 1593 1820 1643 corpore

74 1651 373 1700 corrugatur
402 1635 603 1684 exsucca
622 1651 767 1683 caro:
805 1637 1085 1700 nigrescunt
1114 1638 1276 1691 oculi,
1302 1639 1353 1688 ὅ(
1381 1639 1519 1687 vel-ut
1551 1635 1578 1688 ὲ
1607 1643 1819 1703 geminis

73 1702 255 1766 captivi
278 1700 426 1748 antris
453 1699 781 1763 prospiciunt:
818 1699 957 1749 tarda
989 1700 1144 1764 pulsat
1178 1703 1380 1750 arteria:
1417 1701 1631 1751 balbutit
1651 1705 1820 1760 velox,

72 1767 124 1814 ὅ(
155 1764 318 1828 aspera
344 1763 512 1827 gracili
533 1764 585 1809 in
604 1777 734 1811 voce
756 1762 947 1825 lingua:
985 1767 1035 1813 ὃς
1058 1765 1289 1826 nunquid
1308 1765 1438 1813 bene
1462 1765 1607 1822 hujus
1626 1779 1817 1832 tempe-

72 1830 197 1877 riem
217 1841 272 1874 tu
299 1824 724 1874 melancholicam
751 1825 1012 1881 judicabis,
1037 1827 1163 1874 illius
1184 1827 1308 1877 vero
1341 1828 1691 1892 sanguineam?
1727 1831 1818 1879 uti-

72 1905 199 1953 quc:
237 1905 356 1938 nam
394 1890 544 1935 etiam
571 1888 729 1935 luscus
757 1888 1214 1952 praedominantem
1245 1892 1296 1937 in
1326 1890 1416 1938 illo
1446 1893 1618 1939 aerem
1654 1893 1815 1947 videt,

70 1954 207 2009 cujus
227 1954 430 2002 virtutes
454 1950 642 2014 languis
663 1949 919 2005 humidus,
944 1950 1249 2013 calidusque,
1265 1964 1414 2001 motu
1431 1953 1611 2004 facilis,
1637 1954 1812 2010 dulcis,

1855 1331 1964 1363 Cum·

72 2033 130 2066 ac
154 2016 301 2064 ruber
332 2030 390 2062 ex
425 2012 519 2062 affe
546 2013 720 2061 refert:
758 2015 810 2061 in
841 2010 936 2061 isto
966 2026 1137 2062 autem
1169 2026 1379 2077 utraque
1408 2031 1565 2064 manu
1594 2017 1814 2083 palpabit
1889 2072 1892 2075 Δ

75 2080 365 2128 dominium
390 2090 528 2125 terrae
552 2109 564 2130 ‚
596 2091 751 2139 quam
770 2090 874 2125 atra
903 2077 1010 2125 bilis
1045 2076 1258 2126 siccitate
1289 2078 1372 2126 sua
1401 2081 1450 2128 ὅ(
1483 2079 1670 2142 frigore
1702 2082 1812 2130 imi-

71 2156 216 2192 tatur.
296 2142 428 2189 Hinc
443 2156 501 2188 ex
521 2139 719 2204 tripode
742 2136 953 2188 minime
976 2155 1128 2194 vano,
1143 2140 1269 2189 illius
1290 2142 1520 2190 indolem
1538 2144 1670 2191 dices
1692 2159 1813 2193 neu-

71 2209 265 2269 tiquam
297 2203 631 2267 suspiciosam,
652 2215 736 2252 aut
759 2203 982 2252 invidam
997 2236 1009 2256 ,
1034 2219 1252 2268 pronam
1272 2204 1334 2252 ad
1356 2204 1470 2253 risus
1493 2207 1542 2256 δ(
1561 2207 1704 2260 iram,
1728 2206 1811 2256 sed

73 2285 184 2319 non
204 2266 289 2315 nisi
313 2264 674 2314 brevissimam:
710 2266 854 2324 hujus
874 2266 1197 2330 suspicacem,
1223 2267 1534 2320 &timidam,
1560 2271 1807 2322 tetricam,

75 2331 284 2393 atraque
313 2327 561 2378 continuo
590 2342 902 2391 coquentem
929 2330 1098 2378 nubila
1119 2362 1131 2384 ,
1162 2333 1212 2380 ὅ(
1241 2327 1574 2402 tempestates.
1674 2332 1810 2381 Illius

71 2409 244 2444 mores
264 2394 520 2457 experieris
541 2389 782 2445 affabiles,
807 2392 870 2440 ad
890 2407 1070 2441 omnes
1091 2393 1374 2442 urbanitatis
1396 2394 1525 2458 leges
1555 2395 1779 2443 excultos
1794 2427 1809 2449 ‚
1832 2412 1833 2415 ¹

75 2460 222 2507 mites
237 2490 249 2509 ‚
271 2471 326 2504 ac
352 2455 550 2503 hilares:
586 2455 730 2511 huius
748 2452 777 2504 ὲ
797 2457 1053 2504 contrario
1076 2455 1269 2520 asperos
1283 2488 1297 2511 ,
1316 2456 1511 2505 silentio
1541 2457 1808 2521 plusquam

74 2519 416 2585 Pythagorico
435 2517 978 2632 severosffhebaidgm
1000 2519 1210 2629 ozlentes,
1223 2516 1379 2585 jugiqs
1401 2517 1589 2572 tristitia
1607 2532 1811 2636 tortpcszn-

963 2596 992 2631 a
