2177 2905
399 93 454 138 25
465 81 490 130 8
867 122 879 133 ,
891 80 1086 158 ,Αέῇξάνα
1108 78 1237 134 nostri
1247 80 1294 128 T
1285 82 1483 145 emporis.

337 177 513 231 iustus,
526 173 796 236 jubilarunt
811 175 875 226 ad
886 173 1148 235 Maiorum
1171 174 1605 231 lamenta,vitios1s
1628 175 1951 229 cumularunt
1972 194 2089 245 prae-

337 238 486 290 missis
527 239 788 306 praemiss'as
825 258 836 288 z
881 240 1078 306 gloriati
1121 241 1229 290 sunt
1258 239 1501 305 Sophistae
1528 240 1770 306 sacrilegi,
1807 243 1889 292 sed
1913 240 2089 292 frustra

338 303 449 354 suut
465 304 685 369 gloriati:
723 304 893 358 faxim,
908 316 1068 354 vertet
1079 305 1199 354 Sors
1210 305 1354 354 brevi
1366 307 1498 355 vices
1511 338 1524 358 ,
1537 299 1691 370 iisque
1705 303 1971 355 infaustam
1985 305 2090 356 hoc

333 367 541 417 tandem
555 380 788 433 tempore
807 367 943 416 dabit
962 367 1362 418 conclusionem.
1395 367 1535 439 Qid
1549 372 1685 418 enim
1698 372 1864 418 mitius
1879 369 2095 434 praesagi-

335 447 388 481 re
408 444 558 494 queat
579 431 849 496 Peripatus,
862 432 987 480 dum
1009 445 1181 496 praeter
1199 432 1299 487 iam
1319 432 1479 481 dictos
1498 447 1706 483 errores,
1720 445 1940 495 quatuor
1961 447 2090 495 quo-

325 509 437 558 ·que
460 495 684 543 terminis
704 494 1008 553 Jansenianae
1026 497 1262 544 vitiantur
1290 494 1568 561 praemiss'ae?
1603 507 1822 558 quatuor
1844 499 2090 546 terminos

338 560 632 611 continent,
652 557 775 606 dum
807 560 1073 607 continent
1105 558 1381 624 Episcopos
1411 572 1632 623 quatuor
1657 560 1984 625 appellantes:
2022 562 2092 609 vi-

338 623 467 670 tium
488 618 522 669 si
542 624 677 685 cupis
692 654 704 675 ‚
725 618 795 670 est
817 624 1066 681 appellatio,
1087 637 1185 685 qua
1209 623 1402 672 medius
1431 622 1671 672 doctrinae
1685 624 1900 671 novellae
1920 625 2088 671 termi-

334 701 428 735 nus
453 685 553 742 jam
571 686 633 733 ab
658 701 766 734 uno
792 685 1005 749 appellat
1025 686 1088 734 ad
1109 685 1268 737 aliud,
1291 685 1319 735 a
1339 684 1583 736 Pontifice
1601 685 1662 733 ad
1684 686 1978 735 Concilium
1992 719 2006 739 ,
2026 686 2088 734 ab

336 747 553 800 Ecclesia
581 746 790 814 dispersa
819 748 881 797 ad
913 760 1289 813 congregatam.
1391 750 1585 799 Vitium
1617 748 1719 795 hoc
1751 748 1900 795 debet
1925 749 2089 806 Janse-

335 814 446 873 nius
462 845 475 866 ‚
500 828 608 861 non
641 811 808 860 minus
835 811 1022 861 vitiosis
1052 814 1103 859 in
1126 814 1253 860 Arte
1284 809 1530 873 Magistris
1564 810 1767 872 Pelagio
1784 841 1797 862 ,
1818 822 1967 872 atque
1989 813 2089 861 Lu-

334 874 484 924 thero
504 872 636 938 (pro
657 886 845 937 quanta
867 877 1097 925 nomina,
1122 872 1349 935 gloriosis
1363 869 1626 921 illustriora
1654 873 1916 930 incendiis,
1932 873 2088 937 quam
2108 906 2118 909 ν»

337 937 364 987 a
387 940 615 987 fumante
639 934 957 987 Herostratus
976 935 1197 999 Epheso!
1220 932 1313 998 pro
1335 948 1551 998 quantos
1570 937 1784 989 Heroas,
1810 936 2088 1000 Gigantum

335 1002 554 1051 Soboles
571 1034 585 1053 ,
612 1015 838 1063 quorum
857 1001 907 1046 in
937 997 1287 1063 oppugnando
1310 1001 1443 1057 Jove
1467 1000 1716 1048 Romano
1740 1002 2085 1056 temerariam,

335 1068 388 1115 ὃς
411 1063 685 1113 inauditam
709 1062 955 1111 ferociam
991 1063 1090 1110 sera
1118 1059 1345 1140 stupescit
1371 1060 1670 1119 Posteritas>
1709 1061 1783 1110 his
1813 1062 1963 1111 debet
1982 1063 2087 1114 hoc

336 1130 516 1178 vitium
533 1159 545 1181 ‚
566 1127 666 1183 jam
695 1128 747 1174 in
768 1125 946 1190 *elapsis
972 1125 1170 1174 Saeculis
1193 1142 1221 1175 a
1242 1123 1528 1175 Christiano
1550 1127 1780 1189 Peripato
1803 1126 2055 1176 detestum
2071 1161 2085 1183 ,

336 1194 389 1242 ὅ(
409 1190 830 1239 condemnatum.
900 1189 1191 1254 Appellavit
1211 1205 1328 1238 cum
1348 1189 1438 1238 suis
1458 1189 1705 1253 Pelagius,
1725 1186 1966 1253 petiitque
1986 1193 2086 1237 Con-

334 1255 483 1301 cilium
504 1253 695 1313 legitime
714 1265 1010 1312 congregatum
1029 1255 1074 1298 in
1094 1253 1181 1298 loco
1190 1253 1360 1310 securo:
1394 1252 1606 1302 eosdem
1625 1254 1869 1301 terminos
1889 1253 2085 1319 ufiirpat

332 1318 589 1377 jansenius
612 1318 663 1365 in
685 1315 774 1365 suis
787 1313 995 1365 Affeclis
1013 1312 1339 1380 posthumus:
1377 1319 1427 1366 ὅ(
1447 1315 1568 1380 quid
1590 1318 1794 1369 mirum,
1807 1314 1842 1364 fi
1856 1317 2083 1382 Discipu-

328 1382 405 1431 Ius
428 1382 553 1438 iuret
581 1382 632 1428 in
660 1380 727 1429 sui
750 1379 901 1428 verba
922 1376 1142 1443 Magistri
1168 1382 1184 1429 ἰ*
1219 1379 1470 1430 Lutherus
1492 1377 1712 1428 inaudita
1730 1378 1989 1429 Protervia
2007 1397 2084 1430 ca-

330 1446 527 1494 lamum
551 1440 737 1492 strinxit
758 1445 806 1491 in
830 1442 986 1508 ipsum
1003 1443 1330 1493 Pontificem:
1364 1446 1416 1491 in
1436 1442 1656 1491 eundem
1674 1458 1786 1492 non
1804 1459 1980 1494 unum,
2002 1443 2083 1495 sed

334 1509 498 1574 plures
519 1507 742 1556 calamos
763 1503 1005 1572 stringunt
1015 1506 1464 1566 JansenijAfl'eclae,
1478 1521 1741 1568 nunquam
1758 1504 1914 1571 magis
1934 1511 2082 1564 acuti,

332 1571 489 1633 quam
506 1570 539 1619 fi
559 1571 782 1619 calamos
805 1572 856 1618 in
871 1569 1171 1620 Pontificem
1192 1583 1394 1619 acuunt.
1462 1569 1737 1623 Lutlierus‚
1756 1570 1842 1618 sub
1860 1569 2081 1633 specioso

330 1635 480 1682 titulo
509 1635 725 1697 pietatis,
756 1649 850 1697 pro
864 1632 1104 1683 Veritatis
1133 1633 1450 1688 defensione,
1475 1632 1700 1682 Ecclefiae
1729 1633 1964 1687 utilitate,
1984 1650 2080 1684 nec

331 1695 434 1746 fine
466 1693 631 1744 debita
656 1695 893 1743 simulatae
913 1698 1093 1742 mentis
1113 1694 1457 1748 submiffione‚
1482 1694 1510 1743 a
1532 1697 1719 1743 Leonis
1740 1696 1880 1742 Bulla
1909 1696 1972 1753 ad
2004 1697 2077 1747 fu-

331 1771 505 1809 turum
527 1758 790 1823 appellavit
809 1758 1129 1807 Concilium:
1175 1758 1345 1814 iisdem
1367 1759 1542 1809 titulis,
1564 1758 1733 1813 iisdem
1754 1760 1977 1806 terminis
1998 1775 2082 1825 ap-

330 1823 519 1888 pellant
532 1822 902 1887 Qatuor-Viri
926 1821 1098 1868 Galliae
1117 1817 1457 1884 protestantis:
1480 1823 1529 1868 ὃς
1550 1820 1671 1880 quid
1697 1821 1884 1867 mirum
1900 1853 1914 1873 ,
1934 1821 2079 1883 quod

329 1887 467 1938 idem
492 1888 694 1937 vitium,
720 1883 907 1932 eodem
928 1882 1255 1932 anathematis
1271 1879 1515 1946 stigmate,
1537 1880 1593 1929 fit
1611 1881 1936 1931 fulminatum
1951 1886 1965 1931 ἓ
1980 1885 2081 1934 Sed

330 1949 453 2014 quid
476 1965 573 2014 ego
596 1950 694 2005 vitii
714 1947 891 1996 accuso
911 1945 1168 2011 praemissas
1183 1980 1195 2000 ‚
1217 1945 1244 1996 a
1272 1958 1350 1995 tot
1367 1944 1547 2010 Sophis
1563 1979 1576 1999 ‚
1606 1944 1789 2010 ingenii
1809 1945 1985 1996 Gloria
2004 1964 2084 1999 ce-

331 2014 630 2064 leberrimis,
654 2011 981 2076 approbatas?
1017 2010 1085 2084 sat
1113 2010 1267 2059 habet
1295 2009 1635 2058 Authoritatis
1658 2010 1899 2058 Haeretica
1920 2014 2079 2073 pravi-

331 2090 404 2128 tas
419 2110 431 2129 ,
453 2089 507 2125 ut
528 2076 723 2124 Bullam
747 2076 1001 2133 Um‘genitus
1023 2087 1173 2138 neget
1192 2072 1286 2121 effe
1313 2071 1430 2121 fidei
1450 2073 1702 2136 regulam5
1739 2084 1792 2120 ut
1810 2068 2005 2122 ostendi
2025 2074 2081 2124 si·-

331 2140 384 2192 bi
406 2142 584 2189 vitium
598 2150 733 2202 petat
758 2138 819 2186 ab
844 2138 923 2185 illa
949 2137 1264 2200 Sede,quam
1288 2151 1433 2186 novo
1451 2136 1794 2200 appellationis
1813 2137 1936 2184 vitio
1956 2153 2082 2188 con·

332 2206 534 2257 vitiatur
556 2203 650 2251 esse
679 2201 952 2250 fallibilem.
1023 2201 1107 2249 Sat
1137 2200 1290 2249 habet
1313 2198 1616 2248 discretionis
1640 2198 1932 2257 Janseniana
1953 2197 2078 2251 astu·

333 2271 415 2320 tia,
432 2267 554 2315 dum
570 2264 822 2315 Pontificis
838 2264 1016 2318 BullaS,
1034 2265 1217 2316 nescio,
1242 2277 1348 2325 quo
1371 2262 1535 2310 forsan
1559 2273 1914 2327 praeoccupatae
1937 2280 2079 2314 men·

332 2333 391 2382 tis
425 2329 625 2378 dictatas
653 2329 864 2393 Spiritu,
893 2343 1002 2378 non
1036 2323 1227 2375 temere
1258 2327 1456 2391 recipit,
1482 2325 1564 2374 sed
1599 2325 1662 2374 ad
1683 2326 1927 2389 virgulam
1944 2327 2078 2391 prius

332 2393 610 2446 censoriam
629 2403 859 2445 revocat,
883 2406 947 2439 ne
966 2390 1186 2440 tumultu
1204 2389 1468 2452 Privilegijs
1482 2388 1853 2454 praejudicante,
1868 2390 2078 2442 Gallica-

331 2473 396 2508 na
417 2454 643 2505 turbetur
659 2452 887 2504 Ecclefia.
973 2456 1225 2503 Innocens
1245 2449 1313 2502 est
1336 2452 1529 2514 palliata
1542 2448 1828 2502 Christiano
1838 2454 1966 2504 Zelo
1978 2456 2077 2504 Im-

332 2522 512 2589 pietas,
534 2517 658 2571 dum
678 2517 935 2586 prudentis
962 2517 1133 2576 silentii
1156 2513 1348 2569 cautela
1368 2514 1433 2569 fic
1464 2527 1713 2584 temperat
1740 2531 1860 2567 cum
1894 2520 2075 2628 pietate

1869 2594 1954 2630 ma
1973 2595 2011 2630 1·
