2177 2905
632 108 872 160 Academia
903 95 1153 169 Bratorum.
1634 104 1720 156 1'21

34 207 98 259 Et
121 196 369 261 fateberis,
385 199 532 268 qnod
551 202 690 254 suam
716 203 833 254 huic
847 203 1043 255 Artifici
1072 203 1289 269 gloriam
1312 198 1615 251 Damascum
1646 196 1792 264 quod

35 271 139 320 suas
165 281 416 336 praetextas
438 267 708 322 Consules,
735 270 786 318 ὃς
815 269 1080 332 Magnates
1099 299 1114 321 ,
1147 266 1251 315 suas
1284 266 1474 314 trabeas
1511 266 1674 330 Reges
1694 298 1708 318 ,
1738 266 1792 315 <Sc

36 334 286 398 Principes
302 332 518 381 debeant
531 364 544 384 ,
563 326 791 395 gratique
811 329 1104 379 adscribant.
1182 328 1543 379 Architeffz‘onicae
1563 328 1794 392 prodigia

40 399 206 461 cupis?
243 389 908 458 Hirundinis,Alcyon1'sque
938 392 1086 442 nidos
1106 392 1326 458 explora,
1351 394 1401 440 &
1434 391 1630 447 jurabis,
1652 393 1790 455 inge-

40 460 105 515 nii
126 457 295 509 vires'a
316 457 531 506 Daedalo
560 456 642 506 hic
660 457 867 506 tandem
891 452 1161 505 exhaustas.
1247 450 1398 504 Certe
1420 454 1644 517 Stagirita
1665 454 1792 502 dum
2038 508 2040 511 f

39 520 305 584 quondam
338 519 680 570 Hirundinem
707 520 856 573 vidit,
881 531 988 568 tam
1011 515 1164 584 perite
1187 530 1464 583 temperare
1487 518 1649 565 lutum
1665 550 1678 570 ‚
1700 518 1794 565 mi-
1821 509 2037 569 L·9·htst·

38 585 168 635 fcere
196 583 384 649 paleas,
421 583 690 632 collectam
707 584 792 632 alis
822 597 1009 644 aquam
1033 582 1310 647 aspergere,
1334 596 1425 630 ore
1453 578 1696 629 indefesso
1723 578 1792 627 af-
1820 576 2039 633 c.7.l.10.

40 647 170 697 ferre
194 647 455 695 materiam
471 678 484 700 ,
504 644 606 694 fine
616 646 869 696 columnis
882 645 1196 709 suspendere,
1216 645 1426 709 plumeo
1448 646 1579 692 intus
1608 640 1791 708 stragu-
1822 656 1859 686 c.
1880 652 1901 697 3
1913 652 1957 698 3·

38 711 93 762 lo
117 711 337 760 molliter
358 705 560 764 vestire,
584 708 689 758 nidi
715 708 858 765 hujus
892 704 1150 767 castellum
1183 710 1310 756 inter
1339 709 1581 771 praecipua
1604 705 1792 756 Mundi

39 773 288 826 Miracula
305 773 560 821 collocare
577 784 688 822 non
710 772 970 821 dubitavit.
1056 769 1232 828 Iisdem
1253 770 1477 818 accenset
1500 769 1790 818 Plutarchus
1823 766 1999 815 Choero-
2058 798 2066 805 -

42 837 292 901 Alcyonis
320 835 523 888 nidum3
559 834 696 884 hunc
718 837 856 884 enim
879 834 1004 883 dum
1023 835 1238 886 videret,
1264 847 1322 880 ex
1340 833 1439 881 Aci
1460 832 1626 896 spinis,
1648 833 1789 880 mira·
1823 829 1952 888 nenfis
1964 830 1998 878 l.

42 900 128 949 bili
147 897 356 947 artificio
381 900 601 947 invicem
623 898 864 962 implexis,
885 897 948 947 ad
969 894 1117 946 instar
1134 895 1320 960 scaphae
1344 895 1644 950 formatum,
1667 910 1795 960 opus
1825 893 2024 950 desolert.

42 963 197 1011 everti
219 962 280 1009 ab
293 960 465 1013 AEolo,
480 955 741 1025 mergique
761 960 822 1009 ab
843 963 963 1009 irata
986 962 1138 1009 etiam
1150 958 1366 1008 Thetide
1386 958 1634 1007 nescium:
1672 957 1798 1007 dum
1828 958 2026 1008 Animal.

43 1024 103 1075 as
125 1028 284 1074 iceret·
302 1021 544 1074 ostiolum
567 1039 623 1071 ea
652 1036 755 1071 arte
787 1024 1128 1076 elaboratum,
1153 1034 1208 1071 ut
1227 1024 1371 1071 omni
1390 1023 1620 1074 animali,
1645 1023 1798 1071 etiam

45 1041 286 1152 Alcyone
306 1088 519 1140 minori,
540 1084 648 1134 imo
668 1085 774 1151 ipfis
801 1086 942 1136 undis
971 1085 1086 1134 cffet
1105 1087 1434 1150 impervium:
1464 1085 1587 1133 dum
1602 1086 1801 1134 sentiret
1826 1089 1828 1094 '

47 1155 105 1199 ea
126 1150 370 1199 soliditate
389 1148 665 1203 firmatum,
685 1163 739 1198 ut
759 1165 852 1198 nec
874 1149 1006 1203 saxo,
1020 1163 1112 1196 nec
1131 1149 1265 1197 ferro
1289 1146 1501 1211 diffringi
1527 1144 1669 1196 facile
1690 1147 1801 1214 pos²

47 1213 140 1267 set,
161 1213 495 1261 admiratione
523 1212 752 1277 abreptus
781 1212 1100 1261 exclamavit:
1136 1213 1267 1257 talem
1298 1215 1504 1272 quondam
1527 1212 1657 1256 oculis
1678 1211 1801 1258 Phoe-

51 1276 130 1325 bea
158 1278 346 1322 vidimus
374 1279 492 1322 Arce
512 1275 645 1331 Deli,
673 1290 914 1324 corneam
939 1275 1073 1322 illam
1089 1289 1273 1329 arcam,
1290 1275 1389 1323 {ine
1411 1275 1615 1323 vinculo
1635 1272 1698 1322 fic
1715 1288 1804 1322 co-

50 1351 287 1406 aptatam,
305 1351 357 1386 ut
378 1340 505 1387 inter
526 1340 713 1401 septem
736 1337 920 1388 Mundi
944 1338 1188 1387 Miracula
1208 1349 1552 1403 reponeretur.
1623 1336 1806 1386 Archi·

51 1403 312 1452 testonicae
334 1401 491 1450 affinis
523 1402 591 1452 est
626 1403 905 1456 Geometria5
941 1400 1070 1449 hanc
1098 1415 1308 1463 quoque
1339 1400 1418 1450 vel
1450 1399 1513 1448 ad
1534 1399 1804 1450 Archime-

50 1466 123 1514 dis
147 1465 389 1514 invidiam
408 1466 639 1514 animalia
663 1465 867 1513 callent:
905 1461 1038 1513 certe
1059 1464 1294 1512 Alvearia
1321 1478 1474 1528 apum
1502 1463 1626 1512 dum
1649 1475 1805 1512 atten-

53 1529 148 1578 tius
170 1528 449 1593 exploraret
469 1529 535 1576 D.
560 1527 861 1578 Ambrofius
875 1560 888 1581 ,
908 1523 1164 1591 obstupuit
1183 1527 1380 1575 cellulas
1397 1560 1410 1580 ,
1433 1525 1720 1591 hexagonas
1742 1525 1806 1575 ad
1832 1521 2037 1579 In4..Ge.

54 1607 210 1652 unam
234 1606 439 1641 omnes,
464 1591 763 1640 &lateribus
791 1591 1026 1652 quidem,
1047 1589 1109 1637 ad
1128 1590 1344 1639 Euclidis
1373 1592 1621 1652 rigorem,
1642 1604 1802 1653 aequa-
1831 1597 1919 1641 Org-

52 1655 139 1704 les.
186 1654 404 1704 AElianus
427 1650 673 1703 structurae
703 1652 1304 1708 ordinem,uniformiter
1338 1653 1657 1707 difformcm,
1688 1653 1806 1700 deli-
1834 1666 2053 1724 L,1‚c,59

54 1729 261 1766 neatum
285 1715 385 1766 sine
404 1718 612 1771 circino,
634 1719 686 1765 in
705 1716 922 1764 tenebris
945 1715 1261 1765 elaboratum
1283 1714 1347 1764 fic
1369 1715 1587 1781 suspexit,
1606 1729 1661 1764 ut
1681 1717 1810 1765 aedes

55 1780 235 1843 Apum
253 1776 554 1833 stramineas,
577 1778 851 1843 magnificis
871 1781 1125 1841 utriusque
1147 1780 1266 1843 Cyri
1290 1780 1478 1835 Palatijs
1500 1776 1711 1828 artificio
1731 1795 1817 1828 an·

55 1844 237 1891 referre
264 1857 373 1889 non
406 1841 668 1889 dubitaret.
785 1842 1035 1906 AEgyptias
1071 1841 1217 1890 fossas
1257 1839 1492 1890 Historici
1531 1842 1811 1894 celebrent,

61 1905 291 1954 Creticos
310 1903 646 1964 Labyrinthos
674 1904 842 1951 Poetae
873 1903 1167 1956 decantent,
1193 1903 1273 1950 sed
1297 1903 1629 1952 formicarum
1658 1900 1812 1952 castra

61 1967 352 2016 Geometrae
375 1961 737 2027 obstupescant.
779 1964 996 2020 Majolus
1020 1965 1248 2012 oculatus
1272 1962 1547 2018 testis‚dum
1568 1980 1677 2015 non
1699 1982 1811 2031 pro·
1836 1957 1964 2018 Diffi
1979 1955 2055 2005 Ca·

61 2029 143 2078 cul
174 2024 361 2092 Apulia
386 2025 625 2076 incidisset
643 2026 912 2089 quondam
932 2028 983 2074 in
1013 2027 1165 2075 talem
1189 2027 1496 2082 Coloniam,
1521 2029 1700 2078 urbem
1731 2028 1812 2079 de·
1838 2021 1921 2067 nic·
1948 2021 2036 2067 Col-

64 2090 344 2157 prehendit‚
361 2090 425 2139 ad
447 2087 732 2140 Matheseos
753 2106 779 2138 a
816 2091 913 2138 ices
931 2089 1405 2154 quadrangularem:
1443 2103 1548 2139 tam
1569 2092 1818 2142 admirati·
1842 2084 1926 2149 l0‘l·
1944 2094 1987 2142 5·

66 2154 129 2202 da
149 2165 252 2202 erat
286 2152 307 2210 (
330 2152 576 2202 Authoris
591 2152 741 2203 verba
783 2165 872 2201 unt
892 2150 915 2208 )
950 2154 1180 2208 laterum,
1197 2156 1246 2203 &
1269 2154 1576 2218 angulorum
1601 2157 1818 2206 delinea-

65 2220 167 2268 tio,
188 2228 242 2265 ut
263 2215 510 2264 artificum
537 2214 734 2270 amuffi,
754 2211 1047 2278 circinoque
1079 2215 1371 2265 fabricatam
1403 2229 1621 2281 putares:
1657 2234 1821 2282 aequa-

67 2281 124 2329 lis
147 2279 389 2329 visebatur
413 2278 659 2327 dimensio
685 2280 734 2327 in
766 2281 979 2342 longum
996 2311 1009 2332 ,
1033 2281 1081 2329 ὅ(
1105 2279 1263 2328 latum
1285 2297 1294 2326 :
1331 2295 1500 2329 aream
1522 2282 1572 2329 in
1594 2281 1740 2336 foro,
1766 2283 1818 2333 &

6 2345 10 2349 ’
67 2344 295 2406 compita
329 2341 617 2391 dividebant
645 2343 735 2391 viae
759 2341 1162 2412 orthogonaliter
1194 2342 1362 2391 restae:
1409 2341 1532 2393 fines
1565 2345 1816 2394 ornabant

42 2405 251 2464 ,horrea
265 2437 279 2460 ,
337 2417 457 2454 ortae
479 2405 748 2468 aequalibus
768 2408 896 2454 inter
917 2409 962 2453 ie
982 2404 1137 2469 spatijs
1163 2402 1395 2455 distinstae
1410 2439 1422 2460 ,
1444 2418 1498 2455 ut
1518 2423 1628 2457 non
1645 2409 1710 2456 ita
1732 2408 1816 2456 ad-

65 2471 273 2520 miratus
325 2484 396 2518 im
420 2468 573 2533 ipsam
606 2470 882 2534 Neapolim
905 2501 918 2523 ‚
948 2466 1102 2531 quam
1131 2467 1300 2519 homo
1328 2470 1625 2521 condidisset
1647 2503 1661 2525 ,
1685 2469 1819 2518 ¹sieut

85 2546 200 2583 eam
227 2530 408 2600 suspexi
442 2531 648 2589 urbem,
682 2546 837 2596 quam
867 2533 1063 2583 ratione
1098 2547 1268 2583 carens
1295 2533 1479 2585 animal
1506 2530 1662 2602 perite
1682 2529 1820 2583 adeo

932 2595 1030 2663 Q,
1642 2609 1768 2648 con-
