2177 2905
736 78 854 127 Circe
876 78 1188 140 Phiiosbphica.
1402 51 1407 54 i
1687 94 1778 142 107

12 235 19 237 ‚
83 165 234 283 fluod
249 176 433 217 ventos
452 178 562 238 non
580 165 841 232 paseam‚fi
861 167 950 217 tibi
971 168 1164 231 loquor
1180 185 1190 216 :
1205 169 1255 219 ὅ(
1277 179 1332 218 ut
1349 169 1508 230 maius
1530 169 1695 221 adhue
1714 187 1842 236 pon-

125 248 179 282 us
199 230 385 282 addam
412 244 538 285 m-eae
567 230 828 294 paraenefi,
861 231 983 281 illud
1016 245 1108 282 tuo
1137 233 1428 295 frequenter
1453 237 1630 284 animo
1661 234 1842 286 obver-

83 296 229 353 setur,
254 296 391 352 cuius
407 307 670 355 nunquam
696 309 793 358 ego
815 298 1026 344 memini
1042 295 1144 344 fine
1164 298 1373 350 gemitu.
1443 299 1540 347 En!
1579 311 1708 361 quot
1732 314 1841 347 non

18 374 21 381 ·
83 360 282 410 labores
303 355 597 419 exhauriunt
616 357 861 430 improbi,
882 369 936 407 ut
948 354 1139 423 probos
1153 351 1385 408 seducant
1405 361 1420 408 ἒ
1458 374 1588 423 quot
1605 378 1713 410 non
1727 377 1842 410 mo-

80 420 238 473 lestias
267 421 515 484 devorant
540 421 721 484 Magia:
767 424 1008 470 teterrimi
1032 422 1300 472 Candidati
1327 455 1342 477 ,
1383 436 1437 472 ut
1465 425 1557 481 Piis
1589 437 1836 479 noceant,

81 486 281 541 nullum
299 482 433 532 aliud
453 495 675 545 petentes
695 485 943 533 Minerval
957 516 969 539 ,
983 485 1070 534 nisi
1093 487 1379 535 multorum
1392 489 1678 536 interitum?
1709 500 1841 550 quot

79 564 191 599 non
212 544 369 597 studia
381 547 638 595 insumunt
655 549 902 611 pravitatis
922 547 1159 598 haereticae
1181 550 1495 600 Baeealaurei
1508 584 1520 604 ‚
1544 562 1598 599 ut
1613 566 1841 600 errorem

78 611 268 661 infolio
287 621 552 658 nutantem
565 609 768 659 firment
782 611 797 657 ἒ
813 624 941 673 quot
962 627 1070 660 non
1096 629 1234 662 curas
1250 614 1516 669 exantlant,
1538 614 1841 663 CalviniSo-

79 671 277 741 phistae,
303 675 352 724 ὅ(
377 669 601 736 Magistri
630 673 822 722 Islebici
853 671 1119 736 Magistelli
1144 709 1158 729 ,
1193 688 1247 725 ut
1277 673 1563 739 pestilentiae
1595 674 1843 726 stabiliant

73 737 372 791 cathedram
384 736 500 801 {ipsc
511 737 707 800 Stygius
721 735 1188 787 Archi-Didascalus
1202 740 1324 801 quid
1346 755 1454 788 non
1473 752 1708 794 tentat,ut
1726 755 1841 788 om-

81 817 170 851 nes
193 800 379 849 tentet?
414 799 536 861 quid
556 816 666 847 non
687 800 898 847 molitur
913 833 925 852 ‚
947 812 1002 848 ut
1020 799 1202 850 Christi
1232 804 1473 866 Regnum
1497 804 1839 852 demoliatur?

80 864 207 928 quid
229 878 338 911 non
359 863 481 925 agit,
503 874 558 910 ut
581 878 763 911 omnes
793 875 904 926 agat
924 865 976 910 in
1003 866 1333 929 praecipitium
1358 866 1601 914 barathri?
1637 868 1706 914 nil
1731 879 1841 916 tam

81 927 315 977 arduum,
330 924 473 987 quod
492 940 600 973 non
620 927 915 988 perrumpit:
955 928 1147 975 nilttam
1168 928 1408 981 sanetum,
1431 930 1573 993 quod
1599 945 1706 977 non
1731 945 1843 978 cor-

81 992 295 1053 rumpit:
332 987 401 1036 nil
423 1000 527 1036 tam
550 984 850 1040 molestum,
870 989 1018 1049 quod
1033 1005 1143 1038 non
1169 990 1355 1040 suffert:
1393 994 1462 1041 nil
1495 1005 1600 1041 tam
1627 992 1840 1047 humile,

82 1053 229 1115 quod
247 1050 481 1114 suscipere
505 1053 670 1098 renuit
691 1050 941 1114 Superbus
970 1085 982 1104 ‚
1020 1051 1186 1102 modo
1206 1052 1374 1103 nostra
1393 1069 1631 1119 procuret
1655 1055 1845 1120 dispen-

81 1118 194 1170 dia,
230 1119 280 1165 &
305 1129 390 1177 per
409 1129 547 1160 nova
568 1125 850 1166 tormenta,
879 1111 1045 1162 nostra
1070 1131 1377 1180 promoveat
1395 1118 1710 1168 detrimenta.
1778 1121 1842 1168 Et

74 1196 183 1238 ,nos
202 1175 493 1248 Philosophi
513 1175 618 1223 haec
640 1172 878 1239 impune?
914 1174 1161 1236 stertimus
1176 1213 1189 1233 ‚
1215 1197 1277 1229 ne
1288 1177 1441 1229 hostis
1455 1183 1652 1246 pedicas
1667 1182 1840 1232 adver-

71 1254 273 1295 ,tamust
308 1241 619 1293 dormimus,
642 1254 703 1287 ne
716 1238 842 1288 illius
868 1240 1129 1289 turbemus
1152 1245 1362 1307 vigilias:
1399 1260 1629 1300 jocamur
1647 1278 1659 1301 ,
1692 1258 1747 1295 ut
1759 1246 1842 1295 ille

66 1304 210 1358 ‚serio
236 1321 331 1355 nos
348 1314 594 1366 pervertat
623 1321 635 1346 .-
687 1314 886 1368 tempus
912 1302 1232 1367 deperdimus
1253 1340 1267 1362 ,
1303 1320 1358 1357 ut
1374 1308 1718 1359 nundinemur
1742 1324 1842 1375 pro

82 1371 229 1422 lucro
250 1368 508 1432 pessimam
528 1369 872 1427 aeternitatem.
1140 1392 1145 1397 -

214 1432 410 1482 LEUC:
478 1431 539 1478 Et
568 1429 711 1491 quod
734 1441 946 1478 veterno
973 1442 1079 1480 tarn
1112 1434 1270 1481 noxio
1294 1445 1348 1482 tu
1376 1433 1638 1499 praescribis
1672 1435 1843 1486 Alexi-

67 1477 459 1547 Pharmacum?
494 1494 649 1538 MEL:
717 1492 925 1542 Lethale
944 1491 1012 1542 est
1032 1494 1136 1544 hoc
1157 1497 1470 1562 symptoma:
1505 1499 1621 1549 raro
1635 1501 1845 1564 prosunt

89 1557 328 1609 remedia.
427 1553 534 1605 Nifi
562 1557 698 1603 enim
718 1568 798 1604 tot
827 1557 913 1613 otij
937 1557 1120 1607 damna
1140 1576 1312 1608 aurem
1333 1557 1553 1610 stertenti
1581 1564 1842 1618 vellicent,

85 1620 262 1672 frustra
282 1620 689 1682 tonabitJupiter‚
705 1618 927 1683 diffipare
944 1636 1054 1669 non
1074 1625 1258 1686 poterit
1274 1623 1411 1673 hunc
1431 1637 1714 1676 veternum.
1783 1627 1843 1676 Il-

89 1685 179 1736 lud
199 1697 371 1734 tamen
393 1681 477 1731 hic
500 1681 652 1730 velim
672 1682 897 1731 advertas
919 1716 933 1738 ,
969 1687 1116 1730 Otium
1147 1688 1401 1745 negotiosum
1430 1692 1670 1739 omnium
1705 1689 1845 1756 peffi..

65 1793 68 1796 ,
90 1764 256 1799 mum.
321 1748 474 1798 Sunt,
504 1746 590 1807 qui
610 1744 746 1804 otiofis
766 1746 1092 1805 cogitationibus
1111 1751 1340 1799 animum
1364 1766 1643 1816 occupant,
1663 1753 1726 1802 de
1737 1756 1844 1816 qui-

67 1856 69 1858 .
89 1812 183 1860 bus
201 1811 474 1859 Salomon:
502 1809 759 1864 fiilummodo
778 1810 855 1856 hoc
873 1813 1021 1855 inveni
1033 1843 1046 1864 ‚
1067 1812 1175 1872 qubd
1184 1811 1344 1870 fecerit
1365 1818 1535 1862 DEUS
1551 1817 1761 1863 hominem
1775 1834 1842 1863 re·
1878 1827 1993 1876 Eccl‚
2007 1839 2054 1889 7,

94 1876 233 1924 stum,
268 1875 325 1920 dv*
347 1872 427 1931 iine
446 1875 492 1926 se
514 1870 688 1926 infinitis
719 1871 931 1940 miscfaeerit
953 1873 1252 1933 quaestionibus.
1336 1878 1490 1931 Sunt,
1526 1880 1612 1940 qui
1624 1878 1841 1925 verbisin-
1873 1908 1918 1936 v,
1937 1904 2012 1949 30,

90 1935 271 1986 utilibus*
290 1947 489 1998 tempus
510 1944 691 1980 terunt.
759 1934 847 1981 His
866 1935 1019 1981 verba
1040 1934 1146 1982 haec
1166 1934 1414 1992 Christus,
1431 1938 1641 1989 minime
1661 1941 1836 1991 otiosa.

58 2049 65 2053 ,
96 2003 212 2051 Dico
232 2011 375 2044 autem
396 1994 516 2041 vobzks
536 2029 549 2046 ,
601 1997 798 2058 quoniam
819 2011 938 2040 omne
956 1995 1139 2042 verbum
1163 2000 1334 2056 otiosum
1349 2035 1361 2051 ‚
1391 2004 1500 2063 quod
1523 2004 1656 2050 locuti
1666 2003 1838 2063 fuerint
1871 2018 2040 2066 Μαίης,

95 2065 310 2112 homines,
346 2060 519 2106 reddent
547 2061 756 2104 rationem
779 2059 829 2103 de
851 2075 897 2104 eo
920 2061 964 2104 in
982 2060 1050 2104 die
1059 2060 1230 2120 judic-ij.
1332 2065 1560 2114 Invenies
1584 2068 1669 2129 qui
1691 2070 1839 2116 inutili
1877 2083 2087 2142 12.v.36.

64 2170 69 2173 ,
90 2139 214 2188 opere
237 2125 385 2173 horas
406 2121 608 2170 fallunt:
644 2119 907 2170 honorum
928 2122 1129 2171 umbras
1150 2139 1421 2180 venantur,
1438 2127 1721 2180 divitiarum
1736 2133 1842 2182 col-

90 2192 252 2255 ligunt
264 2187 436 2251 spinas,
455 2185 778 2248 voluptatum
802 2184 980 2247 filiquis
1003 2185 1217 2235 inhiant:
1255 2191 1506 2252 dequibus
1522 2194 1707 2258 Regius
1719 2195 1843 2245 Psal-

95 2267 196 2303 tes:
231 2252 494 2296 dormierant
504 2247 694 2303 somnum
701 2247 848 2304 fuum,
873 2249 1044 2296 &nihil
1057 2252 1315 2299 invenerunt
1335 2257 1381 2299 in
1404 2255 1702 2314 manibussuis.
1750 2261 1838 2310 Vi..

93 2314 346 2375 debis,qui
368 2306 500 2359 male
522 2310 720 2374 agendo
733 2312 1004 2374 pretiosum
1028 2324 1225 2377 tempus
1245 2316 1577 2367 comburunt:
1616 2324 1663 2371 ὅ(
1685 2320 1734 2370 hi
1749 2325 1838 2371 mi-
1871 2302 2037 2363 17:75:

95 2378 190 2430 nus
210 2376 368 2425 nihilo
389 2375 602 2428 faciunt,
621 2373 837 2438 hocipso
848 2372 991 2438 quod
1010 2375 1194 2439 aliquid
1208 2380 1414 2429 faciant:
1450 2382 1616 2432 minus
1628 2386 1840 2435 otiaren-
1872 2384 1919 2414 v·
1943 2369 1987 2416 ⁶·

95 2455 201 2492 tur,
233 2439 265 2487 si
289 2437 408 2487 nihil
435 2449 784 2500 operarentur:
822 2437 939 2486 hinc
960 2454 1069 2487 non
1097 2442 1306 2492 inaniter
1326 2445 1586 2494 concludit
1605 2446 1836 2498 Christia-

74 2521 169 2563 jno
182 2501 446 2555 -Ethnicus
468 2502 657 2556 Seneca
677 2532 692 2558 ‚
724 2512 890 2553 totam
909 2500 1186 2555 hominum
1207 2507 1363 2559 vitam
1381 2509 1763 2576 propemodum
1783 2526 1862 2564 0:
1874 2498 2006 2561 Epist.
2027 2516 2075 2553 1:
2140 2537 2142 2539 ψ

929 2568 979 2618 O
1015 2582 1044 2616 2,
1591 2574 1770 2628 thsam
1869 2566 2075 2620 adLucil·
