2177 2905
673 68 827 130 Hydra
851 65 978 122 nostri
996 39 1229 131 Temporir.
1660 81 1753 130 ,25¹7

72 159 357 224 saerileg083
396 160 448 208 in
468 168 632 207 totam
656 155 782 208 vero
804 159 1103 207 Trinitatem
1119 157 1437 217 Jansenium:
1481 156 1599 208 cum
1620 159 1823 211 Patrem

67 225 188 274 -facit
200 219 452 281 injustum,
467 223 581 284 quia
604 222 972 286 praecipientem
989 219 1306 285 impossibilia
1322 238 1331 269 :
1351 220 1528 271 Filium
1550 224 1822 279 immitem,

74 289 192 350 quia
220 302 330 335 non
364 301 457 350 pro
484 284 723 337 omnibus
757 284 1417 334 mortuumziPersonarum
1449 298 1823 349 acceptatorem

69 351 312 414 Spiritum
342 347 589 400 sanetum,
617 350 731 410 quia
768 362 877 395 non
903 345 1141 395 omnibus
1170 345 1433 396 neceflaria
1472 348 1824 399 conferentem

69 413 264 463 auxilia.
331 409 671 462 Manichaeum
698 406 917 459 delirasse
946 410 1204 461 scimusffin
1239 411 1357 458 mali
1386 412 1665 475 principi03
1703 414 1821 461 insa-

72 480 178 525 nire
208 473 433 524 videmus
456 473 743 531 jansenium
769 506 782 527 ‚
813 471 932 521 cum
963 471 1168 523 DEUM
1199 472 1317 522 facit
1348 474 1467 522 mali
1497 474 1818 538 Principium.

71 539 329 602 Pelagium
357 537 533 585 scimus
561 551 648 600 per
667 537 872 585 Naturae
895 536 1021 585 vires
1050 535 1228 584 tollere
1247 537 1428 586 Gratiae
1456 535 1821 592 necessitatems

74 598 602 658 novimusJansenium
613 613 700 662 per
713 599 893 648 Gratiae
908 597 1245 647 necessitatem
1268 598 1445 648 tollere
1459 600 1662 650 Naturae
1678 600 1822 655 vires,

74 666 125 714 ὅ(
138 660 718 712 libertatem.Lutherum
735 664 971 710 novimus
987 677 1073 725 per
1091 661 1245 715 fidem
1259 662 1514 711 eliminare
1526 661 1698 715 fidcnu
1710 664 1826 723 Jan-

74 726 263 774 lenium
283 741 368 789 per
379 726 600 774 Gratiam
616 726 666 773 in
687 724 980 773 hominibus
1002 720 1251 773 destruere
1264 725 1490 775 Gratiam
1506 758 1518 780 ,
1547 724 1752 775 simul&
1771 721 1828 775 fi-

76 789 435 837 dem.Calvino
448 789 623 836 seimus
642 788 837 836 casdem
850 786 1055 850 quidem
1071 786 1165 836 effe
1182 790 1536 846 cumJansenio
1549 789 1828 853 praemissas,

75 851 387 914 Discipulum
408 862 576 898 tamen
592 882 604 904 ,
628 853 678 898 in
702 852 827 899 Arte
848 850 1079 900 videmus
1095 851 1419 916 Superiorem
1431 848 1693 916 Magistr0‚
1709 854 1828 915 quia

73 925 327 977 argutatur
346 913 562 963 subtilius
579 946 591 966 ,
611 912 729 962 cum
753 909 975 962 inaudita
1000 912 1260 977 >hypocrisi
1290 914 1394 963 suas
1418 914 1733 965 concordare
1762 917 1828 973 ja-

75 976 211 1025 Etitat
231 991 351 1024 cum
375 975 596 1025 Ecclefiae
618 973 845 1025 doetrinz'i
865 976 1141 1041 praemissas,
1210 978 1310 1025 En!
1348 975 1501 1040 quam
1527 980 1578 1026 in
1599 979 1826 1037 unaJau-

70 1040 186 1088 senii
211 1038 374 1088 haereli
404 1038 649 1087 universas
680 1039 1089 1104 propemodum,
1110 1053 1230 1103 quas
1255 1055 1482 1103 unquam
1512 1042 1677 1090 Orcus
1702 1057 1822 1106 evo-

71 1104 200 1151 muit
214 1135 226 1154 ,
248 1101 542 1164 repullulare
565 1106 813 1151 cernimus
832 1101 1048 1151 haereses.

196 1165 393 1216 LEUC:
463 1163 664 1213 Habent
678 1197 690 1218 ,
710 1164 764 1213 ut
788 1166 938 1217 video
953 1198 964 1216 ,
986 1162 1130 1228 quod
1151 1165 1460 1230 triumphent
1476 1166 1821 1222 Tartara‚tam

72 1229 286 1291 peritum
307 1225 448 1276 nasta
466 1229 516 1275 in
535 1229 563 1286 J
568 1227 771 1276 ansenio
797 1225 1083 1292 Sophistam
1098 1261 1110 1283 ‚
1134 1231 1219 1292 qui
1243 1244 1373 1292 quos
1403 1230 1596 1280 divifim
1618 1231 1820 1293 reliqui,

70 1294 121 1339 in
147 1306 307 1339 unum
341 1306 522 1339 omnes
551 1290 755 1354 collegit
780 1290 1019 1345 fallacias,
1041 1304 1094 1340 ut
1127 1308 1251 1342 unus
1284 1294 1513 1356 perderet
1549 1295 1821 1343 universos.

77 1354 270 1407 Habet,
336 1351 442 1403 uod
475 1352 675 1418 plaudat
702 1354 956 1404 Haeresum
987 1357 1240 1404 inoeniosa
1274 1358 1486 1406 Parens:
1514 1372 1635 1406 nam
1669 1357 1822 1406 edidit

73 1416 307 1469 Parrum,
365 1416 629 1467 eteroclito
659 1419 870 1481 Ingenio
893 1418 982 1467 suo
1048 1417 1382 1482 igniffimum,
1413 1422 1530 1483 quia
1560 1422 1825 1470 continen-

75 1491 180 1527 tem
201 1494 380 1526 omnes
392 1481 720 1550 Ingeniorum
743 1481 963 1530 abortus.
1032 1482 1215 1544 Artigit
1230 1483 1416 1531 Gloriae
1437 1482 1823 1534 verticen2‚dun1

73 1557 160 1605 per
191 1542 369 1590 Gratiae
398 1543 539 1597 iplius
581 1543 868 1591 dominium
893 1576 905 1596 ,
940 1545 1040 1600 jam
1073 1546 1361 1594 Inferorum
1405 1543 1632 1594 stabilivit
1661 1546 1824 1609 Impe-

71 1607 229 1653 rium:
266 1605 390 1652 dum
415 1620 507 1668 pro
527 1605 772 1668 gentilitio
796 1606 936 1654 scuto
953 1606 1201 1670 Iprenseni
1226 1605 1424 1657 exhibet
1443 1607 1693 1659 infulam3
1728 1623 1825 1672 pro

73 1666 342 1730 insignibus
361 1678 440 1715 tot
452 1668 712 1731 epomides
731 1666 1043 1732 Sophorum.
1120 1669 1313 1724 Habet,
1337 1686 1426 1719 cur
1445 1670 1659 1734 gaudeat
1680 1670 1827 1719 scele-

75 1732 371 1779 rum‘nutrix
391 1730 646 1793 Impietas:
671 1745 789 1778 nam
815 1729 918 1779 fixit
940 1730 1128 1780 Gloriae
1152 1731 1243 1781 suae
1268 1734 1530 1782 columnas
1559 1747 1678 1781 cum
1699 1734 1824 1782 Her-

74 1792 202 1845 cule,
226 1793 349 1840 dum
367 1792 412 1838 se
432 1790 535 1854 ipsa
555 1793 652 1847 iam
672 1793 834 1848 major
849 1824 861 1846 ,
881 1794 968 1841 sub
991 1794 1209 1857 specioso
1227 1795 1468 1858 gloriatur
1486 1796 1673 1859 pietatis
1694 1794 1827 1845 sche-

76 1865 238 1901 mate:
275 1853 396 1900 dum
429 1856 479 1899 in
506 1851 920 1913 §hristianissimo
940 1857 1153 1918 Regno,
1175 1857 1343 1912 suum,
1364 1870 1506 1906 tanto
1536 1873 1656 1906 cum
1688 1859 1823 1921 plau-

76 1915 154 1965 su,
186 1914 385 1967 firmare
404 1919 611 1965 tentavit
640 1915 856 1963 solium:
895 1916 1017 1965 dum
1057 1918 1243 1966 eodem
1275 1920 1465 1969 robore
1493 1953 1505 1974 ,
1541 1935 1649 1983 quo
1675 1923 1824 1970 toties

75 1980 393 2043 impugnata,
414 1976 512 2033 iam
539 1978 690 2042 ipsam
717 1994 1008 2047 oppugnare
1025 1980 1323 2046 praesumpfit
1348 1982 1632 2032 Ecclesiam.
1679 1984 1821 2050 Quid
1872 2011 1875 2014 >

80 2055 221 2105 putas
237 2074 249 2095 ,
270 2040 332 2089 ad
351 2039 446 2089 hos
466 2038 691 2092 scelestos
710 2045 848 2091 ausus
873 2045 1204 2106 cogitasti-int
1225 2045 1494 2096 Clodovaei
1508 2079 1520 2100 ,
1545 2045 1795 2098 Ludovici
1810 2082 1824 2103 ,

77 2103 288 2168 Philippi
323 2100 510 2167 augusti
538 2105 726 2152 cineres
748 2138 761 2160 ,
792 2119 1015 2168 quorum
1045 2107 1097 2153 in
1119 2109 1421 2157 exantlandis
1446 2125 1539 2174 pro
1565 2108 1663 2158 fide
1685 2111 1826 2162 labo-

78 2167 211 2217 ribus
225 2199 238 2220 ,
262 2168 374 2215 viva
395 2169 672 2216 etiamnum
694 2168 826 2232 viget
844 2171 895 2216 in
914 2167 1195 2233 posteritate
1217 2175 1484 2221 memoria.
1554 2173 1703 2237 Qos
1723 2175 1825 2224 sen-

77 2232 152 2281 sus
182 2229 444 2277 habuerint
468 2231 717 2280 Ludovici
748 2233 923 2295 Magni
954 2233 1157 2281 maximi
1185 2232 1366 2283 Manes
1391 2266 1403 2287 ‚
1442 2251 1549 2298 quo
1576 2235 1733 2286 stante
1761 2238 1825 2293 ia-

80 2295 209 2346 cuit,
233 2306 339 2353 quo
363 2296 552 2347 jacente
568 2325 581 2346 ,
603 2294 789 2357 erigere
817 2294 862 2342 se
890 2296 934 2342 se
962 2297 1173 2344 tentavit
1191 2297 1402 2355 jansenii
1423 2298 1626 2349 Lernaea
1649 2297 1822 2365 pestis:

81 2357 143 2405 ad
163 2354 299 2411 cuius
315 2355 512 2404 inferias
530 2370 653 2405 mox
675 2359 897 2407 intonuit
923 2357 1127 2407 Haeresis
1150 2356 1414 2409 funestum
1434 2361 1605 2411 Patriae
1635 2362 1826 2413 afflictae

82 2417 300 2468 Leffum.
368 2419 522 2465 MEL:
604 2420 863 2469 Intonuit:
909 2420 989 2469 sed
1017 2435 1127 2484 quae
1161 2422 1323 2487 Regni
1357 2422 1500 2479 hujus
1536 2425 1826 2476 nobilissimi

84 2482 276 2535 Gloria,
298 2477 472 2534 frustra
490 2483 735 2534 intonuit:
771 2479 1100 2548 tripudiarunt
1116 2485 1329 2544 Jansenij
1342 2486 1551 2539 Affeclae
1570 2488 1633 2538 ad
1655 2490 1824 2538 Patriae

948 2547 992 2596 L
1008 2547 1024 2595 1
1600 2550 1756 2602 Iustus
