2222 2905
779 62 940 130 sphinx
973 15 1247 126 emma
1771 65 1825 116 31

116 179 282 233 quem
295 198 309 222 ‚
328 159 611 229 seriemque
630 161 895 229 agentium
919 159 1169 212 infinitam
1189 154 1486 210 transmittas
1499 189 1515 211 ,
1545 154 1636 205 ibis
1667 153 1718 204 in
1739 156 1894 224 circu,

119 231 264 287 lum,
282 227 584 292 finitamque
611 226 785 276 senties
809 227 860 274 in
889 224 1161 290 probando
1189 236 1332 273 tuam
1355 220 1673 288 prudentiam
1693 250 1709 274 ,
1742 214 1894 267 stulti-

118 296 249 346 tiam
284 292 444 343 Athei
479 293 532 341 in
573 289 812 353 negando
847 287 1022 339 senties
1067 285 1353 338 infinitam.
1761 326 1764 327 γ
1839 344 1849 353 ·

250 355 451 407 LEUC:
484 356 560 417 Ita
579 349 672 402 est':
694 352 813 402 hinc
832 351 987 402 verba
1005 366 1070 401 ne
1087 351 1280 417 perdas,
1294 363 1498 415 precor:
1523 358 1704 399 ventos
1725 342 1892 409 pascis,

122 420 164 472 fi
184 416 547 486 philosopharis
566 431 685 465 cum
705 411 884 464 bestia:
905 414 1156 464 sufficiunt
1179 413 1286 463 haec
1310 407 1510 462 abunde
1529 411 1732 459 rationis
1751 421 1897 457 com-

121 485 252 549 poti,
265 495 421 544 quam
436 479 470 529 fi
492 480 625 529 exuit
643 478 958 533 Atheus,nec
977 477 1221 528 sufficient
1239 475 1455 526 infinita:
1475 489 1659 539 nempe
1678 486 1787 521 non
1807 465 1894 524 est,

124 545 214 595 nili
234 544 481 608 infipiens‚
494 545 577 606 qui
598 542 717 591 dicit
736 544 787 590 in
807 542 992 591 corde:
1012 558 1094 588 non
1112 541 1167 595 est
1180 543 1358 589 DEUS.
1402 540 1612 602 Expone
1633 536 1818 601 ponus,
1831 547 1897 583 an

123 608 342 658 feliciori
362 600 598 657 ixflnerva
619 604 895 670 Polytheos
919 603 1238 670 Philosophia
1261 599 1431 652 nostra
1451 600 1693 651 debellet?
1729 596 1892 667 MEL:

120 671 178 722 id
208 670 448 734 equidem
475 672 663 734 opinor
695 687 705 716 :
742 668 794 716 hi
832 670 971 717 enim
1005 668 1131 717 dum
1169 663 1662 719 existentiamrDEO
1707 659 1895 717 adjudi-

125 747 243 783 cant
263 767 276 787 ‚
313 733 545 782 videntur
566 734 729 797 sapere
754 731 893 797 supra
915 731 1041 780 feras
1067 763 1080 786 ,
1128 743 1239 780 utut
1264 729 1392 778 infra
1433 728 1667 777 homines
1698 722 1894 789 plurali-

127 809 228 846 tate
249 796 502 860 clefipiant.
572 795 747 847 DEUS
770 796 908 844 enim
929 793 961 843 fi
985 806 1112 844 unus
1131 808 1241 843 non
1274 791 1390 841 esset
1409 824 1422 845 ,
1458 792 1598 841 Deus
1627 803 1737 837 non
1757 784 1893 840 effer,

127 863 247 922 quia
268 875 378 909 non
396 857 512 907 efl'et
531 857 653 907 illud
675 891 688 911 ‚
724 872 804 920 quo
833 858 940 904 nihil
978 858 1130 904 melias
1150 874 1161 904 ι
1198 858 1456 921 optimum
1478 869 1588 902 non
1612 849 1681 901 est
1700 884 1714 906 ‚
1750 848 1896 913 quod

123 937 239 972 non
266 919 337 970 est
361 921 526 971 solum
546 954 560 976 ,
595 923 710 984 quia
733 921 910 970 melius
933 917 1002 970 est
1023 919 1118 969 effe
1143 920 1307 969 solum
1327 952 1340 973 ‚
1372 933 1464 967 nec
1485 916 1573 966 sibi
1597 918 1648 964 in
1670 914 1896 978 Imperio

127 984 313 1035 habere
330 985 592 1048 aequalem.
660 984 835 1034 DEUS
855 1020 868 1037 ,
905 983 939 1032 fi
964 999 1091 1034 unus
1112 999 1222 1032 non
1242 981 1358 1032 esset
1377 1012 1392 1036 ‚
1437 983 1577 1031 Deus
1615 993 1724 1028 non
1753 974 1896 1030 estet,

129 1051 247 1110 quia
258 1046 576 1109 perstttffmus
602 1061 711 1095 non
734 1046 879 1095 effer:
917 1046 1050 1112 finge
1086 1049 1276 1105 Jovem
1305 1077 1319 1100 ‚
1360 1046 1445 1108 qui
1478 1041 1632 1109 praesit
1670 1041 1849 1106 superis
1880 1056 1894 1090 5

128 1111 439 1166 Plutonem,
473 1112 563 1174 qui
587 1109 786 1158 inferis:
823 1109 955 1175 finge
977 1113 1281 1175 Neptunum
1310 1142 1325 1163 ‚—
1363 1109 1500 1165 cujus
1534 1105 1597 1155 ad
1624 1112 1744 1155 vota
1776 1102 1897 1151 fluat

131 1175 370 1224 Oceanus
392 1206 406 1227 ,
445 1173 675 1222 Oeolum
701 1205 713 1226 ,
750 1173 888 1229 cujus
909 1173 1112 1222 nutibus
1131 1172 1375 1238 adspirent
1406 1172 1572 1223 venti,
1607 1167 1780 1233 singuli
1811 1165 1896 1215 ha-

127 1235 252 1286 bent
271 1237 354 1285 sua
375 1268 390 1290 ‚
425 1236 589 1284 nullus
615 1236 790 1283 omnia
815 1252 824 1282 :
861 1235 1019 1284 deerit
1045 1236 1182 1284 alteri
1211 1266 1226 1289 ‚
1261 1233 1404 1298 quod
1435 1232 1586 1282 habet
1615 1232 1736 1280 alter
1763 1265 1781 1281 ‚-
1813 1229 1896 1278 ille

126 1312 302 1349 autem
322 1296 695 1363 perfectissimus
713 1297 807 1345 effe
829 1300 1005 1361 nequit
1027 1331 1040 1352 ‚
1075 1300 1157 1347 cui
1176 1297 1363 1361 aliquid
1392 1293 1528 1345 deest
1556 1294 1891 1359 perfeetionis,

127 1362 338 1416 DEUS‚÷
370 1361 406 1410 fi
427 1376 554 1410 unus
569 1376 678 1409 non
699 1359 816 1408 effer
838 1393 851 1415 ‚
885 1365 1108 1421 Supremas
1137 1364 1350 1408 Dominus
1371 1374 1481 1408 non
1496 1361 1610 1409 effet
1630 1392 1643 1413 ‚
1679 1358 1794 1421 quia
1812 1356 1895 1405 de-

128 1425 341 1474 trectant
361 1425 573 1489 Imperia
596 1424 832 1487 dignitate
845 1438 1012 1488 pares:
1049 1426 1262 1489 imperet
1281 1426 1518 1473 Saturnus
1542 1453 1555 1477 5
1590 1422 1782 1487 spernet
1801 1421 1896 1468 im-

128 1489 326 1552 perium
350 1488 692 1552 Jupiterf&in
711 1488 861 1536 Latio
883 1500 1032 1552 coget
1051 1488 1202 1537 latete
1225 1486 1487 1536 imbellem
1506 1488 1695 1536 Deum,
1752 1484 1897 1533 Deus

128 1549 167 1600 li
195 1550 323 1599 unus
344 1565 454 1599 non
483 1549 598 1598 effer
624 1584 637 1605 ‚
672 1549 856 1612 ahfhlase
884 1550 993 1599 liber
1024 1564 1135 1600 non
1175 1550 1290 1600 effet
1325 1557 1336 1588 ἰ
1392 1550 1513 1616 saepe
1542 1549 1701 1598 nollet
1728 1561 1856 1596 unus
1877 1578 1892 1600 ,

131 1613 279 1677 quod
297 1614 448 1664 vellet
469 1614 592 1662 alter
614 1630 629 1661 2·
662 1613 877 1664 AEnearn
904 1626 1195 1680 protegeret
1223 1614 1409 1680 Paphia
1428 1644 1441 1668 ‚
1470 1615 1610 1673 juno
1639 1611 1771 1678 perse
1811 1612 1919 1658 tie-⁶

127 1689 302 1727 retur:
336 1679 464 1724 Nam
474 1677 577 1737 saepe
591 1688 813 1737 premente
836 1681 990 1733 ΒΕΘ,-
1017 1677 1301 1738 f'ert'DEUS
1325 1679 1438 1724 alter
1467 1688 1602 1737 opem.
1674 1625 1838 1739 di
1858 1671 1895 1721 fi

129 1740 275 1792 Deos
303 1739 602 1806 sympaticos
628 1739 784 1804 fingas
800 1773 814 1794 ‚
843 1740 986 1806 fingis
1011 1742 1247 1791 ridiculos
1266 1742 1380 1804 :qui
1401 1743 1539 1790 enim
1558 1737 1902 1789 consentireli-

127 1800 249 1854 bere
262 1803 477 1870 possunt,
496 1807 546 1854 ὃς
565 1802 720 1853 libere
734 1814 971 1867 poterunt
992 1804 1222 1867 dissentiri
1239 1819 1450 1868 :nempe
1467 1800 1901 1868 pluralitasNumi-

130 1882 260 1917 num
275 1901 289 1923 ‚
303 1866 372 1917 est
383 1867 874 1916 nullitasNuminum
895 1882 907 1914 ε·
919 1869 1090 1918 Unitas
1108 1868 1208 1916 Dei
1220 1864 1289 1915 est
1307 1869 1485 1917 veritas
1498 1868 1615 1916 Dei-
1649 1864 1902 1914 Viderunt
1956 1870 1962 1878 '

131 1929 236 1980 hoc
249 1933 402 1980 etiam
414 1929 530 1978 lusci
547 1932 598 1977 in
616 1929 1029 1979 tenebrisEthnici
1046 1947 1056 1977 :
1092 1931 1218 1979 ridet
1229 1929 1614 1986 SocratesJoves
1627 1928 1899 1981 adulteros³

129 1994 417 2045 Mercurios
439 2007 636 2057 rapaces
653 2026 667 2046 ‚
698 1993 894 2042 lascivas
906 1994 1155 2043 Veneres:
1191 1993 1337 2056 Plato
1356 1991 1572 2040 exfibilat
1592 1994 1643 2041 in
1672 1991 1795 2039 fanis
1806 1991 1897 2054 Py·-

131 2057 315 2107 thones
336 2089 350 2111 ‚
379 2056 707 2107 Crocodillos
737 2058 790 2104 in
809 2057 993 2120 adytis,
1030 2057 1204 2106 Simias
1232 2059 1282 2104 in
1305 2055 1548 2105 delubris:
1568 2055 1774 2119 ipsemet
1794 2055 1898 2102 Sta-

131 2122 275 2184 girita
300 2119 480 2184 spernit
501 2134 663 2184 cepas,
678 2123 726 2170 ὃ(
739 2120 849 2168 allia
863 2153 875 2173 2
904 2123 953 2169 ἅ
972 2119 1119 2182 fiquae
1154 2121 1247 2169 alia
1265 2119 1528 2168 nascuntur
1546 2120 1596 2166 in
1617 2117 1774 2167 hortis
1788 2119 1899 2166 Nu-

134 2183 301 2237 mina,
319 2198 428 2246 quae
449 2184 565 2245 quia
584 2182 753 2246 fungi,
780 2198 889 2231 non
911 2181 998 2231 nili
1021 2182 1206 2247 fungos
1227 2195 1497 2231 numerant
1509 2181 1817 2230 adoratores.

217 2308 226 2315 ·
355 2246 556 2296 LEUC:
621 2241 805 2294 Hercle
838 2248 847 2293 Ξ
894 2262 1004 2310 non
1044 2248 1253 2294 inaniter
1286 2245 1415 2293 hanc
1450 2260 1672 2309 pugnam
1708 2256 1896 2308 pugnat

137 2304 458 2371 Philosophia
487 2340 500 2361 ‚
544 2308 672 2356 dum
723 2308 891 2358 DEI:
908 2306 1216 2358 existentiam
1254 2307 1433 2357 Atheis
1458 2341 1471 2362 ‚
1517 2310 1762 2357 unitatem
1798 2307 1896 2356 Po-

133 2368 740 2441 lytheisndemonstrando
763 2404 778 2425 ‚
821 2368 1059 2435 utrosque
1088 2371 1296 2420 feliciter
1322 2384 1584 2436 expugnat.
1622 2370 1751 2420 &Sed
1776 2370 1901 2432 quid

139 2433 204 2481 de
227 2445 375 2481 tertio
406 2430 678 2484 monstro?
713 2447 945 2498 quaenam
974 2437 1140 2484 Lerna
1178 2433 1311 2484 hanc
1341 2434 1554 2499 spuriam
1581 2435 1694 2486 orbi
1735 2435 1903 2482 immi-

140 2495 198 2550 fit
218 2494 492 2562 Hydram?
531 2512 591 2550 es
619 2497 792 2566 spuma
820 2498 1027 2556 Cerberi
1060 2509 1369 2566 prognatmn
1403 2499 1607 2553 credam
1639 2530 1656 2556 ‚
1688 2510 1793 2611 rain
1829 2494 1898 2545 fa-

1687 2573 1736 2614 ta
1758 2575 1842 2618 em
