2177 2905
409 120 438 152 2
447 119 467 168 5
474 119 506 166 4
960 98 1112 159 Hydra
1129 94 1256 150 nostri
1276 90 1508 166 Temporis.

345 200 578 257 sollicitus
600 209 694 264 pro
711 191 921 246 inferno
939 190 1230 255 Episcopus,
1252 189 1514 244 Barbaros,
1531 188 1609 239 vel
1632 185 1666 238 si
1690 191 1776 253 qui
1796 187 1887 240 suis
1906 192 2092 240 immo-

345 271 539 320 riuntur
566 259 853 312 sceleribus,
874 255 974 305 fine
993 257 1139 303 omni
1157 252 1381 318 praefidio
1408 253 1631 307 relictos,
1654 267 1761 316 quo
1791 253 2011 303 clausum
2030 252 2094 301 ad

345 331 486 383 Coeli
508 327 704 375 delicias
728 322 921 371 aditum
936 352 948 373 ‚
970 317 1129 367 rursus
1151 317 1236 369 fibi
1261 318 1482 381 aperiant
1513 315 1694 365 miseri:
1741 318 1792 367 ὅ(
1813 317 1934 379 quid
1958 319 2094 381 cogi·

345 397 437 445 tari
458 388 604 457 poffit
623 387 965 437 truculentum
985 383 1172 445 magis?
1208 396 1316 429 non
1344 393 1710 429 commemoro
1730 381 1853 428 alios
1883 382 1934 428 in
1958 375 2094 428 hisce

346 456 588 522 negativis
620 460 893 502 contentos
920 461 1112 495 errores
1136 477 1149 500 ‚
1175 444 1356 506 quibus
1385 439 1567 492 Christi
1601 445 1829 508 patientis
1861 459 2094 492 amorem

347 519 647 573 crudelitatis
667 512 876 564 accusat,
896 513 1011 573 quia
1033 509 1259 573 reprobis
1280 507 1611 576 denegatum:
1650 506 1829 569 quibus
1843 509 2093 557 Naturam

347 586 502 652 ipsam
521 578 803 630 crudelibus
820 570 1114 636 constringit
1132 571 1421 620 necessitatis
1442 570 1675 619 vinculis:
1713 570 1892 633 quibus
1909 582 2098 619 morta·

347 652 418 701 les
437 651 489 696 in
508 640 859 709 desperationis
885 636 1175 686 barathrum
1200 636 1466 700 praecipitat
1486 634 1730 682 laureatus
1750 630 1836 681 iste
1853 634 2096 683 OrciMa-

348 709 518 780 gister:
570 723 679 756 non
709 704 875 753 refero
908 712 1115 749 centum
1143 700 1260 751 alia,
1286 699 1401 759 quia
1432 696 1604 745 horret
1624 699 1819 745 animus
1844 698 2094 760 cogitare,

347 791 459 842 quae
477 771 732 832 Jansenius
753 769 804 815 in
822 761 958 814 hisce
979 765 1215 827 negativis
1235 776 1343 809 non
1363 759 1559 809 erubuit
1581 759 1783 821 fingere.
1831 761 1942 820 Ego
1962 755 2095 808 certe

345 836 568 892 revulsos
587 826 1166 882 credidiffcmlnferos,&
1184 826 1441 872 Furiarum
1454 834 1672 869 catervas
1686 835 1742 867 ex
1759 821 1903 868 Orco
1920 823 2095 886 erupis-

343 906 521 967 se‚quae
542 897 758 960 deceptis
779 892 1052 942 hominum
1073 887 1431 948 mentibus‚per
1453 895 1533 932 tot
1553 885 1741 932 atrocia
1764 898 1912 932 novae
1923 885 2101 948 Sophi-

346 966 474 1018 sticae
494 963 736 1026 figmenta
757 955 1037 1005 illuderent.
1112 949 1211 998 Sed
1231 959 1468 997 maneant
1486 947 1671 1012 sepulta
1692 949 1742 996 in
1771 946 1861 995 suis
1884 950 2098 1001 tenebris

347 1034 556 1082 Tartara
580 1057 593 1079 ,
625 1021 779 1071 vincit
802 1015 1057 1075 jansenius
1084 1014 1340 1077 impietate
1370 1011 1564 1060 Inferos
1581 1044 1593 1063 ‚
1617 1009 1909 1060 crudelitate
1945 1015 2098 1063 vincit

352 1094 612 1145 Furiarum
627 1095 869 1133 catervas:
908 1091 1012 1127 tam
1034 1079 1223 1125 atrocia
1249 1075 1487 1128 enim‚vel
1510 1073 1595 1139 ipsi
1614 1089 1721 1122 non
1738 1074 2008 1138 potuiss'cnt
2022 1079 2100 1127 In-

349 1158 468 1207 feri,
489 1151 571 1202 vel
604 1142 1064 1198 erubuifl'entFuriae
1095 1139 1283 1203 fingere
1307 1157 1317 1186 ε
1373 1140 1552 1192 vincit,
1575 1137 1699 1186 dum
1731 1152 1817 1201 per
1845 1143 2097 1204 negativas

350 1217 483 1271 adeo
506 1212 755 1264 crudeles,
776 1207 950 1256 adimit
968 1205 1115 1254 DEO
1127 1205 1155 1262 J
1161 1199 1391 1255 ustitiam,
1417 1203 1620 1252 Naturae
1636 1200 1935 1257 libertatem,
1956 1205 2100 1253 Mor-

347 1282 527 1334 talibus
548 1276 740 1326 fiduciae
764 1269 1064 1320 anchoram:
1103 1269 1273 1319 vincit,
1295 1266 1418 1314 dum
1438 1265 1465 1313 a
1490 1265 1839 1327 Redemptore
1859 1279 2099 1331 apertam,

350 1341 524 1398 denuo
546 1337 770 1391 occludit
794 1335 953 1384 salutis
985 1333 1212 1390 januam,
1236 1342 1291 1378 ut
1315 1327 1414 1391 qua
1441 1328 1539 1377 late
1563 1327 1726 1393 potest
1741 1361 1754 1381 ‚
1779 1330 2000 1378 recludat
2019 1347 2102 1380 an-

350 1406 491 1478 gusta
520 1402 736 1454 nimium
753 1404 891 1464 ‚‘pr0
919 1396 1008 1446 suo
1043 1394 1168 1444 Zelo
1185 1427 1197 1447 ‚
1215 1395 1546 1442 Tartarorum
1571 1389 1826 1455 ergastula.
1912 1395 1984 1443 Ite
2004 1394 2103 1450 jam

351 1473 482 1526 Adae
505 1468 726 1520 infelices
744 1458 958 1513 Posteri,
983 1457 1345 1508 mandatorum
1370 1457 1543 1519 jugum
1565 1458 1799 1505 excutite:
1836 1459 2101 1521 Tyrannus

352 1535 422 1588 est
439 1571 451 1592 ‚
473 1535 559 1598 qui
577 1528 715 1595 lapsis
736 1529 941 1577 Natura:
968 1522 1149 1571 viribus
1179 1519 1518 1571 intolerabile,
1545 1534 1652 1567 non
1683 1518 1768 1568 nisi
1797 1520 1859 1568 ad
1883 1518 2101 1571 vestrum

354 1602 405 1652 id
426 1599 572 1650 vobis
594 1593 730 1642 dedit
750 1591 1023 1638 interitum.
1126 1587 1183 1633 In
1207 1580 1373 1634 vestris
1395 1581 1620 1631 sordibus
1648 1582 1906 1631 sordescite
1935 1600 2106 1649 pecca-

355 1677 492 1714 tores
514 1693 527 1712 ,
557 1651 818 1722 peccastis,
844 1650 924 1698 sed
952 1651 1061 1711 quis
1092 1660 1271 1695 contra
1298 1657 1578 1694 torrentem
1596 1678 1608 1698 ‚
1633 1643 1920 1694 destitutam
1955 1651 2102 1695 remis

394 1722 604 1791 ropellet
631 1713 944 1767 naviculam?
991 1710 1160 1757 Victrix
1188 1708 1242 1762 est
1262 1711 1417 1757 timor,
1439 1711 1507 1753 cui
1527 1707 1637 1767 lapsa
1665 1712 1813 1769 nequit
1831 1711 2017 1754 Natura
2037 1727 2102 1755 re-

347 1744 515 1854 ssstere:
551 1778 763 1850 prolapsi
791 1773 925 1828 estis,
944 1773 1025 1821 sed
1050 1769 1172 1820 stare
1201 1774 1308 1833 quis
1339 1773 1546 1834 poterit,
1573 1771 1715 1818 nullo
1746 1770 1896 1819 fultus
1921 1772 2101 1821 Gratiae

355 1855 555 1906 Divjnae
586 1842 796 1895 auxilio?
826 1837 960 1897 favor
983 1834 1148 1887 coelestis
1178 1832 1316 1891 defitit
1338 1865 1350 1886 ,
1378 1848 1458 1893 quo
1486 1832 1574 1889 fine
1611 1835 1749 1877 matis
1770 1869 1782 1882 ,
1810 1832 2006 1890 necessum
2029 1835 2098 1888 est.

315 1967 317 1969 ,
353 1909 893 1977 Abstergitelacrymas
915 1901 1240 1965 poenitentes:
1260 1910 1376 1943 nam
1396 1893 1516 1956 quid
1531 1896 1664 1942 inani
1678 1910 1770 1943 vos
1785 1892 1956 1944 frustra
1972 1897 2107 1947 lustu

355 1975 646 2032 consumitis
660 1973 675 2019 ἓ
690 1970 793 2019 sors
807 1961 1134 2028 lacrymando
1149 1962 1375 2009 Gratiam
1397 1973 1687 2022 recuperare
1708 1957 1985 2008 confiditis?
2008 1961 2105 2009 fru-

363 2043 458 2096 stra
479 2037 571 2090 est:
598 2034 797 2104 peccanti
815 2030 875 2076 nil
894 2038 1102 2085 remanet,
1121 2023 1194 2083 nzfi
1202 2021 1382 2084 superba
1408 2020 1584 2080 egestas,
1602 2021 1731 2081 [cgnis
1749 2024 2005 2083 indigentia,
2027 2027 2107 2070 im-

354 2107 553 2173 potentia
564 2097 775 2162 generalis
793 2094 845 2139 ad
864 2107 982 2139 omne
1001 2089 1168 2136 bonum.
1260 2085 1476 2136 Orando
1499 2099 1590 2132 vos
1612 2086 1786 2149 cupitis
1812 2085 1840 2135 a
1862 2086 1996 2151 lapsu
2018 2088 2107 2135 eri·
2147 2123 2150 2125 a

359 2170 504 2238 gere?
541 2159 716 2214 frustra
735 2155 828 2208 est:
867 2158 1016 2203 Oratio
1050 2152 1172 2213 impij
1202 2166 1358 2197 novum
1384 2160 1605 2208 peccatum
1630 2148 1708 2201 est,
1731 2151 1786 2197 ΕΤ
1816 2154 1923 2212 quod
1943 2152 2104 2198 DEUS

362 2239 425 2283 ini
448 2230 658 2279 concedit,
683 2236 840 2270 novum
866 2218 919 2272 est
937 2221 980 2264 in
996 2228 1240 2276 peccantem
1259 2213 1525 2273 suppliciam.
1607 2213 1889 2261 Gemitibus
1908 2213 2105 2261 fle&ere

363 2297 537 2361 cupitis
559 2291 675 2340 DEI
700 2280 1125 2335 misericordiam?
1161 2274 1335 2327 frustra
1354 2271 1446 2324 est3
1485 2273 1637 2323 suevit
1656 2275 1736 2324 illa
1757 2275 1782 2321 a
1794 2277 1945 2335 Jndaeo
1966 2280 2101 2336 exige·
2140 2306 2144 2307 ν

365 2380 411 2409 re
432 2363 590 2418 legem,
612 2367 712 2415 qua
733 2349 868 2407 iubet
891 2346 1108 2408 surgere,
1129 2343 1232 2389 licet
1251 2339 1386 2394 insita
1409 2337 1563 2397 lapsam
1591 2341 1843 2398 impotentia
1873 2340 2102 2403 relinquat.

364 2423 544 2476 Forsan
567 2414 953 2476 aRcdemptore
972 2409 1165 2472 speratis
1184 2402 1449 2453 auxilium?
1472 2398 1644 2449 frustra
1664 2398 1754 2449 est:
1786 2413 1866 2462 pro
1876 2406 2106 2463 peccatori.

367 2488 444 2537 hm
461 2488 499 2532 ῖς
521 2498 599 2528 non
626 2478 679 2531 est
709 2489 913 2522 mortuus.
984 2469 1118 2535 Ergo
1142 2465 1404 2534 abstergite
1418 2464 1658 2527 lacrymas
1677 2499 1688 2519 ‚
1712 2466 1988 2529 desperate,
2009 2467 2094 2516 Ser

363 2562 510 2605 vator
540 2541 749 2597 crudelis
770 2534 863 2592 est,
884 2537 970 2599 qui
997 2536 1085 2585 suo
1107 2531 1327 2582 exclusos
1359 2527 1588 2592 peetore,
1610 2528 1806 2579 dudum
1838 2527 2125 2585 necessariis¹

1951 2607 2043 2642 vos
