2177 2905
659 123 841 185 Oedipur
861 120 1073 185 Phyficm.
1607 132 1696 180 203

2 225 177 273 cavata
197 211 438 282 cymbam
462 213 682 283 praebete
703 214 829 266 solet
844 216 1043 280 triginta
1061 212 1381 281 praedonibus
1399 214 1452 266 in
1474 208 1764 266 Germania.

10 276 328 346 obstupescit
344 280 578 327 Platanum
601 279 743 329 illam
767 282 820 329 in
834 280 988 342 Lycia
1010 311 1026 333 ,
1048 292 1160 343 quae
1188 277 1512 328 domicilium
1536 277 1767 341 ofitogin-
1840 258 1963 306 Idem

13 355 60 394 ta
81 343 271 410 pedum
285 376 303 399 ,
320 342 598 392 nemoroso
622 344 807 393 vertice
822 342 997 396 refert,
1016 344 1067 391 in
1097 353 1204 405 quo
1226 342 1591 392 novemdecim
1607 339 1770 405 hospi-⁴
1796 321 2013 370 l·¹2·⁶·¹·

12 420 85 457 tes
98 439 112 460 ,
130 418 277 467 toros
296 405 546 472 praebente
562 405 765 460 fronde,
791 420 898 454 non
920 405 1070 454 semel
1091 405 1318 462 jucundo
1335 406 1491 470 epulo
1514 404 1559 452 se
1581 400 1769 452 recrea-

16 481 148 520 runt.
216 471 330 520 Nec
350 469 443 518 illae
456 469 588 532 spicae,
605 471 655 518 in
668 468 931 534 AEthiopiae
950 466 1124 521 Insula,
1146 468 1273 517 Nilo
1293 466 1604 520 circumflua,
1620 465 1647 514 a
1667 467 1773 516 Na-

16 535 90 583 nis
112 529 258 583 facile
286 531 603 586 vellicandae,
632 546 743 595 quae
772 533 1024 596 integrum
1054 532 1308 592 equitem,
1333 531 1532 580 camelo
1562 527 1775 578 infiden-

15 608 123 645 tem
152 606 354 661 tegunt,
377 595 545 645 frusta
564 594 696 645 adeo
719 594 874 644 ubere
888 627 902 648 ,
922 605 977 643 ut
1001 593 1189 643 semina
1209 606 1350 643 terrae
1383 593 1621 643 mandata
1634 624 1648 647 ,
1668 607 1778 642 non

18 655 187 710 modo
212 658 537 723 centuplum,
556 658 637 707 scd
661 658 1035 722 trecentuplum
1062 655 1286 706 afferant.
1369 659 1439 707 Ex
1460 656 1643 720 quibus
1664 670 1779 704 om-

22 722 168 771 nibus
189 720 326 771 haud
357 718 569 771 obscure
601 719 726 770 mihi
755 721 870 769 licet
897 721 1158 784 colligere,
1186 722 1439 770 Naturam
1472 723 1524 770 in
1554 720 1777 783 magnis,

24 786 181 847 quam
199 786 251 832 in
269 785 429 861 parvis
453 782 611 848 magis
641 783 940 837 mirabilem,
961 786 1011 833 ὃς
1033 781 1324 833 Artificium
1341 783 1500 841 majus
1519 784 1571 831 in
1590 785 1780 831 anima-

25 848 170 902 libus,
193 862 349 909 quam
367 847 676 895 animalculis
696 848 907 896 elucere.
974 845 1117 916 Qid
1136 858 1191 895 tu
1212 846 1276 894 ad
1302 843 1418 894 ista?
1455 861 1517 894 an
1537 858 1630 895 tuo
1650 858 1780 908 quo-

25 926 125 973 que
140 909 372 973 suffragio
393 925 563 958 meam
589 921 817 958 mentem
840 908 1146 958 confirmas?
1212 911 1369 957 MEL:
1429 908 1652 959 Duobus
1674 922 1782 958 ver·

25 973 153 1022 bulis
176 972 442 1038 problema
463 973 650 1022 decidis
664 1006 676 1027 ‚
693 972 755 1021 ab
776 973 998 1036 Hugone
1017 971 1080 1020 de
1097 971 1361 1026 S.Vi&ore
1379 971 1646 1035 quondam
1664 985 1784 1037 pro-

27 1036 250 1103 politum
265 1067 279 1090 ,
298 1034 442 1097 quod
462 1034 733 1083 acutissima
746 1030 1053 1099 'Sophorum
1074 1036 1273 1099 ingenia
1294 1050 1403 1084 non
1423 1035 1573 1084 semel
1593 1035 1693 1093 jam
1713 1033 1783 1083 fa·
1813 1064 2039 1113 commem„

30 1102 222 1165 tigavit.
288 1097 421 1162 Mihi
445 1093 556 1146 sane
575 1113 684 1146 non
701 1098 873 1160 liquet,
888 1100 1049 1161 inquit
1061 1100 1260 1151 Pierius,
1279 1100 1406 1146 inter
1428 1098 1651 1147 eruditos
1671 1096 1783 1147 Phi·
1820 1129 1830 1139 ·
1868 1130 1916 1175 D
2004 1094 2040 1173 ι’

33 1161 276 1228 losophos
309 1158 522 1210 minime
556 1157 839 1225 postremus
866 1194 879 1215 ,
911 1157 1148 1210 mira-rinc
1180 1161 1396 1210 debeam
1428 1160 1587 1226 magis
1611 1156 1783 1210 dentes
1812 1144 1856 1175 m
1886 1143 1988 1201 -an‘

30 1228 160 1292 apri,
194 1241 260 1274 an
278 1225 447 1277 tineae?
482 1225 580 1273 alas
605 1224 847 1288 Gryphis,
871 1240 935 1273 an
964 1223 1236 1289 Cyniphis?
1257 1236 1406 1289 caput
1419 1226 1545 1286 Equi
1561 1258 1574 1280 ‚
1599 1240 1664 1273 an
1685 1226 1788 1278 Lo·
1821 1204 1922 1251 3‘m
1933 1207 1968 1237 δ’
1992 1202 2036 1248 3⁶

37 1286 214 1339 custae?
258 1303 401 1337 crura
416 1286 728 1352 Elephantis,
748 1302 811 1336 an
835 1287 1051 1337 Culicis?
1087 1287 1333 1349 Aquilam
1350 1318 1363 1341 ,
1388 1303 1451 1336 an
1475 1288 1792 1338 formicam?

37 1348 172 1403 certe
194 1354 245 1401 in
276 1364 419 1400 tuam
457 1351 751 1400 sententiam
770 1365 880 1400 non
897 1351 1137 1401 concedit
1155 1351 1381 1415 Stagirita
1396 1384 1411 1407 ,
1433 1365 1542 1400 non
1562 1347 1799 1417 Augusti-

39 1432 158 1470 nus,
179 1416 286 1464 duo
303 1415 592 1465 Luminaria
621 1429 804 1478 magna
825 1416 878 1463 in
908 1415 1052 1465 Orbe
1076 1416 1433 1478 Peripatetico,
1457 1429 1682 1478 quorum
1707 1414 1803 1480 pri·
1962 1424 1965 1426 “
1991 1460 2000 1472 ,

40 1495 154 1530 mus
175 1477 347 1529 diserte
369 1479 533 1531 edixit,
551 1479 786 1538 plurimum
807 1477 965 1525 habere
985 1480 1296 1528 admirationis,
1311 1494 1397 1540 quse
1415 1479 1535 1524 molv‘s
1546 1481 1767 1524 minimum
1782 1497 1796 1525 .·
1828 1462 1859 1510 l·
1874 1473 1919 1520 9·
1933 1457 2049 1515 Hlss·

41 1544 167 1592 alter
191 1542 314 1591 vero
343 1541 564 1594 asseruit,
587 1539 633 1588 se
658 1540 765 1603 plus
800 1537 1071 1604 stupescere
1099 1539 1284 1590 Muscae
1316 1541 1533 1589 volantis
1562 1541 1800 1591 velocita-
1829 1525 2006 1571 ammal-

42 1619 167 1660 tem,
186 1602 342 1668 quam
362 1601 524 1652 bestiae
543 1604 809 1667 gradientis
826 1603 1255 1666 magnitudinems
1275 1601 1434 1668 magis
1452 1605 1799 1654 formicarum
1828 1598 1916 1647 ⁶·7·
1931 1588 2045 1660 432²

46 1684 229 1735 opera,
251 1665 407 1730 quam
427 1666 783 1716 Camelorum.
851 1668 1038 1729 Neque
1058 1665 1276 1732 partibus
1297 1669 1390 1716 tuis
1412 1667 1621 1722 accedit,
1641 1669 1801 1718 Natu·
1830 1653 1882 1697 de
1897 1652 2035 1699 ῶνα(

46 1749 110 1784 rae
132 1734 391 1782 Scrutator
411 1729 612 1784 Plinius,
633 1733 770 1788 cujus
790 1729 888 1785 iam
904 1730 1030 1779 olim
1042 1729 1414 1787 eratjudicium,
1431 1731 1675 1794 nusquam
1698 1747 1805 1780 ma·
1831 1732 1869 1763 ⁶·
1886 1726 1962 1772 24·
1990 1778 1998 1787 ,

48 1794 122 1862 gis
155 1795 377 1843 eminere
397 1794 602 1842 Naturae
628 1792 847 1842 Daedalae
880 1791 1198 1846 Artificium‚
1219 1792 1376 1856 quam
1407 1796 1460 1842 in
1492 1794 1802 1843 animalculis
1832 1773 2047 1830 l·¹¹·H²st·

50 1858 239 1912 obviis,
261 1860 313 1905 ὅ(
333 1855 529 1919 pusillis.
599 1857 656 1903 In
681 1859 874 1918 magnis
897 1855 1140 1917 siquidem
1165 1856 1487 1919 corporibuS,
1511 1858 1673 1919 inquit
1694 1857 1803 1911 ille,
1834 1844 2048 1889 Nat-“²-

51 1921 207 1971 facilis
220 1917 423 1967 officina
441 1916 486 1964 se
507 1915 655 1964 offert
669 1949 681 1969 ,
695 1917 1027 1966 tractabiliore
1047 1920 1276 1966 materia:
1298 1930 1347 1966 at
1363 1920 1415 1966 in
1435 1921 1593 1983 parvis
1613 1934 1722 1982 quae
1735 1935 1807 1969 ra-

54 1986 158 2036 tio,
185 1981 482 2044 quantavis,
505 1993 614 2042 quae
628 1979 868 2044 perfe&io
894 1979 1090 2044 p‘r‘ehtsus
1110 1981 1484 2030 inextricabilis?
1519 1997 1639 2031 nam
1667 1994 1721 2031 ut
1745 1983 1808 2032 de
1880 2012 1882 2015 .

55 2044 293 2098 vilissimis
318 2043 483 2091 dicam
501 2076 514 2097 ,
537 2042 623 2091 ubi
641 2054 721 2092 tot
732 2042 889 2092 sensus
909 2044 960 2091 in
980 2043 1335 2093 culicelocavit
1356 2046 1581 2094 Natura?
1617 2046 1702 2094 ubi
1720 2062 1808 2112 gu-

60 2107 220 2161 stum,
244 2107 326 2157 vel
352 2105 629 2155 odoratum
652 2107 878 2156 inseruit?
913 2106 998 2155 ubi
1025 2107 1362 2156 truculentam
1395 2123 1581 2158 vocem
1608 2110 1808 2174 ingene-

60 2174 213 2224 ravit?
250 2185 347 2233 qua
360 2168 620 2217 subtilitate
635 2185 821 2234 pennas
843 2171 1104 2219 annexuit?
1139 2167 1375 2224 rostrum,
1399 2186 1506 2234 quo
1527 2173 1732 2234 ingenio
1762 2190 1810 2223 a-

60 2239 188 2289 cuit,
214 2246 270 2283 ut
292 2232 445 2281 veluti
465 2229 623 2281 fistula
656 2233 901 2286 sorbillet,
928 2232 1082 2282 veluti
1107 2233 1348 2297 spiculum
1374 2234 1596 2284 fodicet?
1631 2238 1814 2286 miren-

0 2321 7 2330 ·
63 2313 144 2348 tur
173 2298 247 2353 alii
273 2293 672 2359 Elephantorum
687 2295 953 2349 humeros,
976 2298 1266 2345 Taurorum
1281 2296 1437 2351 colla,
1459 2299 1724 2362 Tigridum
1745 2316 1818 2349 ra-

64 2364 221 2428 pinas,
242 2362 480 2409 Leonum
501 2358 664 2414 jubas:
701 2374 799 2423 ego
820 2361 1069 2410 Naturam
1091 2360 1265 2414 miror,
1283 2360 1527 2422 nusquam
1549 2362 1817 2419 majorem,

107 2424 289 2474 namin
311 2423 546 2476 minimis,
559 2425 673 2485 quia
692 2424 743 2471 in
761 2421 1076 2487 compendio
1096 2433 1285 2472 totam:
1306 2424 1371 2472 ita
1384 2424 1584 2473 Plinius.
1655 2424 1818 2490 Qod

68 2439 108 2539 ii
130 2485 466 2548 microscopio
488 2500 543 2533 ex
582 2488 742 2535 lorare
761 2485 946 2550 lingula
965 2484 1211 2534 oculatius
1231 2486 1480 2551 potuisset,
1495 2486 1650 2550 quam
1671 2490 1720 2536 in
1744 2504 1821 2537 ex-

77 2550 201 2602 tasin
219 2565 328 2602 non
349 2545 536 2600 abiiffet
589 2551 634 2599 ic
654 2548 882 2616 Sophus?
896 2547 946 2662 113
968 2563 1087 2660 {um
1110 2548 1362 2608 Cornaem
1381 2550 1433 2601 in
1448 2553 1611 2616 pulice
1634 2550 1824 2664 vigiffet

1037 2624 1067 2660 2
1640 2616 1689 2667 R
1728 2615 1763 2664 i-
