2205 2905
759 64 893 115 Atta,
914 64 1238 130 Phizofhphzcas.
1400 48 1406 51 ’
1755 78 1816 130 1'9

109 142 221 214 mm
245 158 408 214 subito
427 161 816 228 interemptum,
843 161 996 219 salva,
1021 167 1072 215 &
1100 160 1347 214 incolumi
1372 163 1584 217 Parente
1606 163 1878 215 affirmant.

14 278 29 286 s
108 228 174 278 Et
193 227 315 291 quid
333 225 624 292 Philosophi
645 227 709 276 ad
732 227 985 292 paradoxa
1005 226 1111 277 haec
1128 227 1333 291 Physica
1361 230 1377 277 ἒ
1465 232 1621 277 MEL:
1693 228 1876 279 Admi-

106 292 266 341 randa
292 289 459 356 potius
485 290 686 339 censent
708 323 722 344 ‚
758 290 913 354 quam
944 290 1249 356 explicanda.
1317 312 1325 315 κ
1361 292 1497 349 Varii
1520 294 1710 341 variam
1733 306 1876 355 expe-

105 356 291 404 rientiae
309 353 451 411 hujus
470 352 687 418 analyfin
707 353 936 404 afferunt.
1040 355 1254 419 Veritati
1273 354 1452 404 melius
1472 357 1637 409 litant,
1666 356 1751 418 qui
1771 370 1873 407 cer-

105 430 213 467 tam
235 417 457 467 fulminis
486 418 764 482 agnoscunt
793 417 1007 483 speciem
1024 450 1039 472 ‚
1072 418 1290 464 humzdam
1311 421 1366 466 (φ
1391 415 1695 465 terebrantem.
1749 419 1873 466 Haec

104 480 326 530 conflata
341 512 355 534 ,
376 479 411 529 fi
428 492 603 530 tamen
620 480 866 532 conflata,
890 484 942 532 &
961 496 1071 530 nou
1090 481 1260 546 potius
1285 482 1477 530 extensa
1498 498 1586 547 per
1606 482 1871 531 materiam

100 541 462 593 subtilissimam
480 576 494 598 ,
523 539 823 606 summe‘que
852 544 1147 593 rarefactam
1165 578 1179 599 ,
1202 560 1360 609 poros
1389 542 1595 594 innoxie
1617 555 1867 610 permeat,

104 621 263 670 usque
284 605 411 656 dum
440 610 668 672 corporis
691 606 954 662 cujusdam
973 607 1189 669 soliditas
1210 621 1443 674 opponat
1469 609 1672 658 obicem
1700 626 1710 656 :
1757 619 1871 664 tum

101 667 380 720 enimvero
400 666 484 730 [ut
502 666 633 721 belle
657 667 1016 734 Philosophus]
1041 671 1219 720 fortius
1247 672 1489 736 applicata
1515 674 1586 722 vis
1616 672 1867 726 fulminis,
1897 682 1952 730 L.
1961 694 2004 741 3.
2020 697 2110 732 cur.

99 732 364 799 paululum
388 746 674 784 remoratur
688 766 701 789 ,
723 737 772 784 &
793 733 945 782 haeret
964 736 1015 783 in
1030 733 1185 783 denso
1199 767 1212 787 ,
1247 736 1421 798 sicque
1437 734 1868 788 inhaerendo,vim

101 795 450 847 vehementius
472 812 701 851 exerens,
733 795 990 847 obstacula
1010 798 1091 847 vel
1111 796 1332 847 omnino
1355 799 1584 852 absumit,
1598 799 1677 848 vel
1695 798 1866 846 saltem
1895 840 1902 847 ,

101 860 311 909 vindicis
331 859 551 910 flammae
574 862 725 909 inurit
749 860 1055 926 probrosum
1073 858 1250 925 stigma
1271 879 1280 909 t
1329 860 1482 910 habes
1504 862 1792 926 analogiam
1815 863 1868 911 in

102 922 379 986 aquaforti
401 957 414 977 ,
439 939 561 972 cerae
585 924 739 988 parcit
753 956 767 978 ,
800 920 1024 986 furitque
1050 926 1103 974 in
1125 925 1327 974 metalla
1348 923 1626 980 durissima,
1648 940 1758 988 quae
1778 924 1867 972 dis-

101 986 265 1036 solvit.
366 986 496 1036 Illud
511 1019 524 1040 ,
550 984 695 1048 quod
712 985 775 1034 de
797 987 930 1035 foetu
950 987 1180 1038 humano
1203 988 1461 1039 addideras
1475 1023 1488 1043 ,
1517 1004 1627 1037 non
1648 1001 1754 1037 tam
1772 987 1866 1036 ful-

98 1052 255 1164 {Amul-1,
283 1048 436 1114 quam
459 1050 681 1099 fulminis
702 1052 907 1102 terrori,
937 1053 1522 1103 communiorecalculo
1539 1085 1551 1108 ,
1582 1050 1867 1103 adieribunt

158 1126 212 1163 ut
251 1129 380 1163 oreS.

227 1179 425 1231 LEUC:
494 1176 747 1240 Equidem
773 1175 1086 1240 persuaderes
1101 1211 1114 1233 ,
1135 1177 1333 1228 fulmen
1354 1177 1703 1229 vehementius
1723 1179 1866 1230 desae-

99 1242 204 1291 vire
226 1242 278 1290 in
298 1243 422 1291 dura
449 1255 692 1305 corpora,
725 1243 841 1304 quia
861 1241 1141 1290 obnitentia
1165 1258 1178 1294 3
1215 1241 1371 1304 quam
1390 1246 1443 1291 in
1464 1244 1639 1292 mollia
1670 1276 1682 1297 ,
1719 1240 1866 1294 facile

96 1304 375 1369 pervia,nis1
387 1306 700 1354 contrarium
719 1304 1059 1367 experimenta
1072 1304 1284 1369 plurima
1297 1303 1714 1356 demonstrarent.
1751 1307 1862 1357 Au-

95 1367 218 1417 thor
237 1369 385 1418 nobis
410 1365 479 1416 est
499 1367 761 1420 Schottus,
780 1369 1038 1421 Panormi,
1058 1383 1197 1417 anno
1221 1367 1248 1416 a
1270 1381 1493 1433 reparata
1515 1370 1682 1419 Salute
1701 1370 1861 1419 mille·
1923 1422 1931 1429 ,.

94 1430 227 1481 simo
248 1429 604 1481 sexcentesimo
624 1428 878 1494 trigesimo
903 1429 1144 1493 septimo,
1181 1428 1338 1481 vestes
1363 1431 1389 1481 a
1412 1433 1627 1482 fulmine
1655 1434 1860 1483 cuidam

93 1495 392 1560 absumptas,
413 1509 630 1558 corpore
656 1494 871 1556 integro.
941 1493 1126 1542 Plinius
1154 1492 1311 1543 fidem
1335 1498 1645 1560 oppignerat,
1666 1496 1861 1546 absum·
1887 1500 2100 1561 L.2.c.5t

93 1570 239 1623 ptum
263 1558 574 1621 quandoque
601 1559 776 1606 vinum
796 1558 848 1604 in
863 1555 1005 1607 dolio
1021 1589 1034 1612 ,
1054 1556 1199 1607 dolio
1217 1558 1413 1622 prorsus
1433 1559 1638 1608 intacto.
1707 1561 1859 1610 Sene-

90 1637 161 1670 cae
193 1620 372 1671 contra
395 1619 429 1669 si
451 1620 700 1669 credimus
723 1653 737 1674 ,
762 1617 970 1670 effracto
993 1653 1006 1676 ,
1031 1618 1412 1685 combustoque
1438 1638 1548 1671 non
1571 1622 1730 1672 semel
1744 1624 1857 1674 vase

92 1686 270 1734 vinum
290 1681 417 1733 stetit
434 1683 636 1732 illaesum
651 1716 662 1737 ,
686 1685 802 1746 quia
827 1680 983 1733 subita
1002 1680 1179 1738 crusta,
1193 1685 1347 1735 veluti
1367 1683 1557 1737 viscosa
1576 1686 1705 1751 pelle
1718 1684 1854 1737 aful-

87 1748 230 1796 mine
248 1780 261 1803 ,
284 1748 499 1796 doliario
520 1743 666 1811 plane
689 1745 928 1802 mirabili,
952 1747 1022 1797 ob
1038 1748 1280 1797 folutum.
1365 1750 1521 1796 MEL:
1543 1760 1545 1762 ’
1590 1751 1683 1799 Nae
1696 1751 1752 1799 t'u
1769 1765 1853 1799 ve-

88 1810 356 1860 hementer
376 1810 612 1874 deciperis
628 1843 640 1863 ,
667 1809 702 1858 fi
724 1810 786 1858 ab
805 1809 996 1859 eodem
1008 1811 1222 1861 fulmine
1242 1810 1445 1860 effeetus
1463 1810 1748 1862 metiareita
1761 1829 1853 1877 op-

88 1873 296 1938 positos
398 1873 539 1924 Unus
562 1884 707 1920 tonat
734 1876 785 1921 in
803 1872 962 1922 Coelo
980 1876 1172 1937 Jupiter
1185 1907 1198 1927 ,
1222 1882 1324 1923 ‘nec
1344 1891 1501 1924 unam
1520 1888 1694 1924 tamen
1711 1878 1850 1925 cudit

89 1937 313 1986 fulminis
333 1936 563 2000 speciem.
645 1937 801 1984 Nunc
824 1936 921 1983 ales
941 1942 1184 2000 armigera
1200 1935 1441 1986 ministrat
1460 1937 1655 1988 fulmen
1667 1940 1845 1991 clarum,

90 2002 149 2048 (φ
169 2016 308 2051 urens,
334 1997 478 2062 quod
508 1997 531 2056 (
543 1994 662 2046 teste
681 1995 903 2053 Seneca>
934 1998 1091 2063 magis
1107 2001 1315 2062 igneum
1336 2033 1349 2054 ,
1377 2015 1622 2064 corpora,
1645 2016 1755 2065 quae
1778 2014 1848 2052 at-

89 2063 260 2127 tingit,
282 2064 362 2113 vel
386 2059 607 2111 afflando
637 2063 941 2126 corrumpit,
970 2064 1048 2111 vel
1077 2061 1449 2112 inflammando
1475 2064 1757 2118 comburit3
1795 2069 1848 2116 &
1879 2065 1881 2069 ’

90 2124 215 2176 cum
234 2122 429 2174 constet
447 2122 793 2190 materia,picis
810 2122 973 2180 instar,
988 2121 1492 2189 x⁷iicosa,pertinacius
1506 2126 1722 2176 adhaeret
1735 2144 1848 2178 cor-

89 2189 238 2255 pori,
267 2187 435 2238 donec
456 2187 674 2238 omnino
694 2188 816 2237 illud
838 2188 1122 2238 inflammet
1144 2205 1155 2237 :
1201 2190 1318 2251 hinc
1341 2189 1608 2255 absumptis
1629 2187 1848 2243 vestibus

90 2251 344 2301 debilitata
360 2252 433 2300 vis
455 2251 645 2301 tardior
660 2285 673 2306 ,
701 2267 765 2300 ne
786 2250 986 2302 ulterius
1005 2253 1406 2317 progrederetur.
1475 2257 1631 2304 Nunc
1649 2255 1848 2304 fulmen

87 2313 267 2369 offert,
296 2313 441 2377 quod
462 2314 671 2364 diximus
686 2348 699 2366 ‚
732 2314 953 2362 terebrans
975 2337 990 2369 ,·
1027 2315 1128 2365 hoc
1147 2319 1341 2366 raritate
1362 2314 1445 2366 sua
1458 2333 1545 2383 per
1570 2318 1690 2382 ligni
1711 2333 1847 2367 mea-

89 2390 194 2432 tus,
218 2377 413 2427 lubrico
437 2377 639 2427 tramitti
656 2378 906 2443 illapsum,
927 2377 1236 2429 subtiliflimis
1257 2379 1496 2445 spiritibus
1519 2382 1697 2432 vinum
1720 2397 1846 2430 mox

88 2456 250 2491 omne
271 2453 496 2506 permeat
509 2474 523 2495 ,
553 2456 611 2491 ac
635 2441 815 2490 ardore
834 2442 1121 2492 immodico
1135 2444 1185 2493 in
1205 2442 1515 2493 tenuissimos
1535 2443 1751 2493 dissolvit
1761 2459 1848 2493 va-

88 2519 236 2570 pores
251 2537 264 2561 ‚
288 2505 374 2569 qui
391 2505 540 2571 proin
560 2503 710 2572 &ipsi
727 2520 816 2570 per
835 2504 957 2620 vasics3
976 2521 1133 2570 poros
1148 2539 1161 2563 ,
1191 2506 1394 2565 trajectu
1421 2508 1512 2558 illo
1536 2507 1751 2557 flammae
1782 2507 1850 2557 la-

991 2582 1020 2615 2
1622 2582 1778 2623 xatos,
