2222 2905
712 93 908 142 Flamma
941 96 1205 145 Promethei.
1713 105 1773 152 45

81 181 279 239 versum
309 188 378 238 do
418 202 499 236 ma
514 220 527 241 ‚
563 201 779 251 quarum
799 185 900 238 una
924 191 976 237 in
999 188 1179 253 hepate
1206 184 1422 252 perdita,
1441 183 1645 236 restaret
1659 185 1841 235 altera3

81 253 177 302 hac
197 268 362 301 excor
401 267 427 299 e
449 250 511 299 ad
528 250 723 300 Inferos
751 249 949 301 detrusa
975 253 1077 306 ‚in
1104 251 1315 300 cerebro
1358 252 1502 300 tertia
1533 249 1745 299 tandem
1779 246 1847 297 sa-

83 331 199 381 pere
222 314 380 380 poffet
400 346 413 368 ‚
449 317 500 363 ὅ(
520 330 744 362 errorem
769 348 781 369 ‚
817 315 891 364 bis
921 311 1068 363 male
1092 313 1418 363 commissum
1441 347 1455 368 ‚
1490 315 1704 363 meliore
1737 310 1847 382 fato

83 381 350 442 corrigere.
417 377 516 425 Sed
537 377 861 426 nescitinsana
880 377 1124 435 ejusmodi
1147 378 1261 426 scita
1279 379 1530 441 Peripatus
1543 377 1731 426 sanior:
1751 388 1851 422 am·-

82 458 168 491 ma
189 474 201 496 ,
237 454 392 504 quam
424 440 577 488 habes
607 440 911 505 Philosophe
936 473 948 493 ,
988 453 1075 489 tua
1103 438 1172 488 est
1193 474 1207 496 ‚
1240 443 1291 491 ὃ(
1324 440 1531 503 quidem
1558 434 1705 489 unice
1735 450 1848 489 tua,

85 507 200 568 quia
223 506 393 552 unica:
430 519 519 552 cur
538 502 659 567 crgo
676 537 687 557 ,
709 504 853 566 quod
870 516 1018 552 tuum
1033 500 1102 551 est
1117 537 1129 558 ‚
1147 504 1354 569 negligis
1374 505 1394 550 ,ἒ
1429 504 1568 552 bona
1590 516 1730 552 curas
1747 500 1850 549 for-

83 582 247 621 tunat,
284 569 397 629 quia
424 580 540 616 tua:
576 580 686 615 utut
715 580 799 615 tua
828 583 936 614 non
961 566 1081 622 sint,
1117 569 1233 629 quia
1251 566 1306 615 ut
1336 566 1416 615 sua
1445 563 1587 616 brevi
1606 578 1745 614 mors
1768 579 1852 611 au-

80 630 227 680 feret.
283 633 357 679 En
380 629 536 694 quam
556 627 843 694 praepostera
858 630 914 678 lit
933 643 1015 678 tua
1035 630 1318 678 sollicitudo
1336 630 1515 679 !Curas
1540 628 1593 678 ut
1616 641 1850 689 tua,quae

80 709 189 742 non
209 692 317 741 sunt
337 706 419 742 tua
440 727 453 747 ,
491 696 539 743 ὃ(
563 705 647 741 tua
669 694 873 757 negligiss
898 726 910 747 ,
949 692 1002 741 ut
1034 693 1208 740 aliena.
1295 695 1345 742 N
1352 693 1546 755 unquid
1572 691 1719 755 quod
1761 691 1849 739 Ba-

79 757 251 805 Iaamo
275 758 430 804 Arcas
455 790 467 810 ‚
504 756 606 804 hoc
625 756 712 804 tibi
738 770 844 806 rua,
874 757 1000 812 jure,
1031 768 1299 820 oggereret
1330 758 1516 804 anima.
1617 755 1732 814 Qid
1754 752 1851 812 feci

78 818 166 866 tihi
187 821 209 866 ξ
241 836 316 866 cur
337 836 404 865 me
414 822 606 880 peremis
630 821 645 867 ἒ
681 836 767 867 cur
788 834 871 867 me
888 820 1116 867 vulneras
1133 852 1144 872 ‚
1163 817 1272 883 plus
1295 817 1451 881 quam
1472 815 1624 867 tertio
1644 829 1724 866 tot
1736 833 1849 882 pec-

79 884 198 931 catis
226 883 242 930 ἒ
277 898 369 930 cur
389 898 474 930 me
498 883 685 931 occidis
708 884 722 930 ἒ
756 878 934 932 nonne
953 886 1120 930 anima
1142 894 1225 930 tua
1254 883 1364 930 sum
1397 885 1412 931 ἓ
1449 885 1499 932 &
1522 884 1716 930 utinam
1755 883 1848 926 ani-

41 947 46 949 ’
76 946 163 992 mal
187 943 363 994 essem!
398 946 502 994 fors
523 948 745 994 animam
773 945 984 994 Arcadis
1010 945 1043 994 fi
1073 945 1417 994 circumferres
1446 979 1460 999 ‚
1495 944 1724 994 tractares
1755 945 1848 992 mi-

81 1008 178 1057 tius
197 1041 210 1061 ‚
246 1005 378 1058 certe
402 1024 509 1058 non
532 1008 693 1073 pofi'es
712 1009 976 1058 crudelius.
1046 1011 1166 1057 Haec
1195 1009 1276 1056 illa
1301 1026 1311 1056 ε
1351 1008 1530 1071 quibus
1550 1042 1563 1062 ‚
1603 1006 1747 1070 quod
1774 1007 1847 1056 su-

76 1071 382 1136 peraddam,
415 1088 527 1120 non
538 1071 772 1136 suppetit,
796 1071 882 1120 nisi
908 1072 1051 1133 quod
1073 1073 1240 1119 anima
1267 1087 1477 1134 quoque
1495 1071 1552 1120 fit
1569 1073 1720 1117 unica.-
1756 1071 1845 1119 Su-

74 1136 179 1198 peri
204 1137 213 1182 !
251 1150 358 1197 quae
382 1137 527 1183 unica
545 1167 558 1187 ‚
597 1131 740 1196 unice
766 1134 913 1183 chara
932 1170 944 1185 ‚
968 1137 1083 1197 quia
1101 1150 1207 1182 rara
1230 1141 1252 1188 ‚³⁴
1270 1147 1443 1198 praeter
1464 1136 1710 1182 animam:
1727 1128 1845 1182 aesti-

75 1210 278 1245 mantur
310 1213 520 1260 quoque
552 1196 778 1247 viliffima
802 1230 818 1251 ,
852 1197 1059 1259 quando
1082 1199 1256 1245 unica:
1289 1198 1392 1245 sola
1422 1199 1590 1246 anima
1626 1196 1809 1246 vilescit
1829 1229 1842 1250 ‚

81 1271 194 1308 utut
214 1259 516 1308 nobilissima
538 1292 552 1313 ,
587 1259 732 1308 simul
755 1263 803 1310 &
829 1262 993 1308 unica.
1093 1264 1232 1317 Qam
1251 1260 1372 1306 dabit
1395 1261 1516 1306 homo
1544 1263 1842 1307 commutatio·
1864 1276 2012 1323 Math.

79 1338 174 1368 nem
188 1334 268 1382 pro
289 1325 431 1368 anima
451 1325 472 1370 ζ
505 1322 635 1371 hanc
653 1319 785 1372 certe
804 1322 964 1372 solam
981 1321 1016 1372 fi
1036 1324 1237 1388 perdat,
1274 1324 1439 1372 dicere
1458 1319 1622 1389 potest
1646 1341 1659 1369 :
1694 1325 1839 1375 amici,
1869 1339 1942 1385 16,

66 1386 333 1445 perdidimus
367 1389 525 1432 omnia.
1941 1425 1945 1429 „
1973 1421 1977 1423 a

231 1449 430 1498 LEUC:
467 1450 665 1498 Verum
689 1464 875 1513 nempe
895 1482 907 1503 ‚
944 1449 1088 1512 quod
1111 1449 1323 1497 dixeras:
1361 1451 1488 1508 nescit
1505 1451 1626 1497 homo
1641 1451 1835 1511 precium
1862 1476 2068 1534 Proprie·

73 1509 181 1568 ejus.
247 1511 304 1559 Id
323 1510 658 1560 solummodo
680 1514 893 1565 mirum,
917 1510 1059 1575 quod
1087 1516 1136 1562 ὃ(
1159 1513 1451 1578 Philosophi
1483 1512 1667 1578 possint
1692 1515 1835 1577 igno-
1858 1549 1973 1583 tates

70 1588 179 1638 rare
204 1585 310 1621 ram
336 1574 509 1622 nobile
532 1571 746 1622 stemma
767 1608 780 1628 ,
818 1577 1033 1623 excelsos
1059 1574 1190 1626 adeo
1214 1579 1391 1626 animae
1416 1577 1670 1641 spiritualis
1699 1588 1836 1625 nata·
1974 1573 1987 1587 '

68 1635 138 1684 les
162 1653 176 1683 ε.
209 1634 350 1685 fuere
372 1671 389 1691 ‚
421 1635 477 1685 ni
497 1637 675 1693 fallor,
696 1640 782 1700 qui
804 1638 868 1686 ad
895 1655 1063 1687 rerum
1083 1641 1415 1689 materialium
1433 1639 1657 1704 ignobile
1678 1638 1834 1688 chaos

67 1699 206 1747 illam
223 1699 546 1755 detruserant,
563 1700 631 1749 sat
649 1701 843 1750 nobiles
857 1700 970 1750 fore
991 1701 1036 1749 se
1055 1704 1146 1751 rati
1160 1735 1173 1756 ‚
1211 1702 1243 1751 fi
1264 1719 1384 1753 cum
1405 1702 1559 1752 brutis
1573 1736 1586 1757 ‚
1601 1717 1711 1765 quae
1732 1700 1833 1752 vita

67 1776 178 1810 non
196 1761 480 1826 superarent
499 1796 512 1817 ,
548 1765 756 1826 aequalia
773 1766 825 1811 in
845 1765 1045 1813 mundo
1066 1765 1283 1814 subsellia
1305 1778 1628 1830 occuparent.
1664 1767 1829 1815 MEL:

67 1822 224 1874 Fuere
245 1858 263 1879 ‚.
281 1825 365 1874 sed
381 1826 674 1890 Philosophi
701 1842 811 1874 non
832 1825 973 1876 fuere
1001 1862 1017 1881 ,
1050 1828 1139 1878 nisi
1157 1831 1371 1877 nomine
1408 1842 1553 1877 tenus
1577 1846 1588 1876 z
1623 1828 1658 1876 fi
1692 1831 1830 1876 enim

65 1888 148 1936 vel
171 1888 312 1952 supra
332 1889 822 1953 canemAEsopieum
844 1888 1089 1953 sapiiffent
1108 1924 1125 1944 ‚‚
1156 1891 1379 1939 radicem
1412 1890 1763 1955 cognovissent
1801 1887 1828 1941 ὲ

63 1949 307 2000 fruffibus
324 1984 335 2006 ‚
353 1967 413 1999 ex
427 1944 803 2015 operationibus
813 1955 1038 2013 animam
1057 1952 1376 2017 spiritualem.
1406 1953 1657 2016 Nunquid
1672 1956 1826 2008 enim,
1889 2010 1892 2013 ¹

66 2012 244 2066 eicite
269 2012 552 2063 monstrosa
569 2013 892 2064 Machiavelli
913 2018 1205 2080 progenies,
1237 2016 1468 2080 nunquid
1505 2018 1643 2065 enim
1666 2050 1680 2071 ‚
1716 2014 1825 2079 quo

65 2075 273 2141 propius
301 2079 605 2127 aemulantur
633 2080 952 2143 operationes
984 2076 1128 2129 certo
1165 2080 1409 2145 angelicas
1432 2112 1445 2134 ‚
1483 2078 1546 2128 eo
1583 2079 1827 2129 recedunt

66 2138 264 2202 longius
283 2141 348 2189 ab*
373 2141 466 2189 illis
487 2174 500 2195 ‚
542 2156 672 2206 quos
691 2142 969 2190 materiales
987 2145 1039 2190 in
1060 2141 1217 2191 brutis
1232 2158 1390 2192 nemo
1402 2158 1509 2192 non
1566 2142 1824 2192 rofitetur?

65 2201 296 2272 nunquid
315 2205 366 2250 in
384 2203 466 2252 sua
480 2203 662 2268 sphaera
674 2204 955 2254 Intellectus
967 2206 1226 2268 cognoscit
1240 2222 1375 2255 nunc
1393 2206 1532 2270 fingu
1551 2207 1669 2261 aria,
1684 2218 1824 2256 nunc

66 2263 352 2313 universalia
374 2300 386 2315 ‚
422 2282 560 2314 nunc
577 2266 716 2315 finita
734 2300 747 2318 ‚
782 2283 918 2316 nunc
940 2267 1130 2317 infinita
1153 2301 1166 2323 ‚
1193 2285 1330 2318 nunc
1353 2267 1636 2318 substantias
1650 2303 1662 2324 ‚
1682 2285 1820 2318 nunc

64 2325 336 2375 accidentia
350 2343 490 2390 ‚quae
512 2331 687 2378 omnia
708 2329 909 2394 fugiunt
928 2344 1146 2381 armatos
1163 2334 1316 2382 etiam
1339 2331 1675 2397 microscopijs
1695 2349 1818 2382 ocu-

63 2389 142 2437 los
164 2390 179 2436 ?
214 2391 443 2453 nunquid
463 2406 575 2454 quae
593 2395 723 2442 ratio
743 2394 1004 2457 cognoscit
1024 2394 1218 2452 objecta
1240 2407 1404 2446 creata
1447 2396 1525 2447 vel
1559 2398 1774 2445 increata
1791 2428 1808 2451 ‚

59 2451 276 2501 sensibus
297 2453 545 2519 superiora
564 2457 646 2504 vel
668 2472 892 2521 congrua
912 2491 927 2511 ‚
960 2461 1146 2522 appetit
1207 2459 1433 2509 oluntas?
1468 2461 1696 2523 nunquid
1726 2457 1815 2511 ista

61 2514 153 2566 suo
188 2517 357 2569 modo
392 2518 634 2570 tendendi
657 2516 728 2571 est
765 2521 918 2573 libera
924 2585 959 2635 F
988 2524 1071 2573 illa
1168 2556 1171 2558 -
1215 2523 1378 2577 ‘ersalis
1405 2527 1457 2578 ὃς
1486 2521 1774 2575 abstractiva
1793 2540 1809 2573 :

994 2600 1016 2646 3
1617 2600 1745 2636 nun-

1869 874 1916 902 v.
1934 869 2008 915 30.
