2177 2905
46 513 246 564 'Medicm

48 578 189 637 Lngd.
205 576 254 620 de

53 645 155 688 vitae
175 639 268 697 stm.

354 90 449 129 200
960 65 1104 115 Momi
1136 61 1347 120 Fenestra.

293 172 360 224 ad
377 172 603 220 bonum:
627 168 835 212 centum
855 157 1084 222 exempla
1099 155 1242 214 hujus
1253 151 1490 206 Veritatis
1503 148 1825 220 suppeditant
1841 155 2048 209 Sanao-

294 250 410 287 rum
424 218 1101 292 Fasti‚quiD.Augustinum,
1117 224 1165 270 ὅ(
1183 218 1546 287 Magdalenam
1567 235 1677 267 non
1700 219 1867 271 minus
1884 223 2052 287 profa-

297 295 551 360 no‚quam
571 296 708 342 lacro
728 302 907 337 amore
930 296 1224 335 memorant
1240 280 1515 331 eminuisse.
1552 284 1613 333 Et
1629 279 1747 332 licet
1762 285 1814 332 in
1833 301 1942 334 uno
1958 288 2056 336 vir-

297 377 376 413 tus
403 363 459 411 lit
482 356 641 422 magis
670 364 899 417 accepta,
927 352 1081 414 quam
1101 349 1268 397 fotian
1284 349 1337 394 in
1362 347 1540 401 altero,
1559 346 1847 406 humanum
1867 348 2056 398 solum.

298 426 468 477 modo
497 419 566 471 est
589 421 692 469 hoc
720 417 1010 465 diterimen:
1046 414 1195 462 DEO
1234 426 1345 459 non
1373 409 1540 459 minus
1576 422 1742 474 gratus
1771 411 1911 460 fuisse
1939 414 2057 477 legi-

299 504 380 541 tur
399 488 562 549 jobus
596 486 648 532 in
671 479 981 542 sterquilinio
1000 514 1013 530 ‚
1044 476 1201 540 quam
1223 474 1391 524 David
1418 475 1470 522 in
1494 475 1639 523 solio,
1740 479 1788 523 A
1808 479 1963 528 ΒΕΘ,
1985 480 2058 526 in-

303 557 411 619 quit.
431 547 830 617 Symphorianus
845 575 857 597 ,
883 542 936 596 eft
961 545 1093 587 omnis
1112 541 1352 600 Sapientia,
1376 541 1431 585 &v
1454 539 1714 598 complexio:
1750 540 1960 599 ipseenim
1983 539 2055 594 eft,

304 622 376 684 qni
403 617 533 664 bilem
557 612 748 659 Horatio
768 642 781 659 ,
806 608 1006 667 phlegma
1034 604 1287 656 Heraclim,
1309 604 1555 661 sanguinem
1584 605 1750 649 socrati
1765 639 1776 654 ,
1809 605 2060 651 Melancho-

302 687 408 732 liam
434 677 567 733 Oresti
591 673 765 723 tribuit.
865 668 1034 735 Qod
1067 668 1100 717 si
1125 682 1385 732 opponas,
1416 666 1690 730 sanguineis
1728 666 1932 717 suavem
1967 666 2063 716 effe

303 746 498 798 virtutis
520 741 776 790 semitam,
799 749 980 797 quam,
1007 730 1203 782 Natura
1233 731 1601 784 recalcitrante,
1629 729 1695 778 sat
1718 731 1938 795 asperam
1953 733 2067 781 Me-

305 807 576 862 lancholici
598 802 936 867 experianturs
958 798 1088 851 scias,
1110 796 1221 847 hos,
1249 798 1402 842 unico
1423 810 1530 841 non
1556 809 1821 856 nunquam
1847 796 1961 844 aestu
1980 794 2066 844 he-

310 876 477 927 roico,
493 870 602 937 plus
622 865 787 915 meriti
807 860 1188 925 nietere,quam
1213 859 1277 905 illi
1303 864 1457 905 terere
1477 858 1669 904 soleant
1693 873 1779 921 per
1798 859 1932 907 achis
1955 873 2070 907 cen-

308 942 399 987 ties
420 932 796 998 multiplicatos.
897 928 970 975 Ita
991 924 1065 973 iii-i
1089 921 1339 989 persnalos
1359 936 1455 986 nos
1485 923 1693 984 cupiunt
1720 953 1734 974 ,
1769 920 1935 970 forsan
1965 921 2072 986 ipsi-

309 1014 419 1053 met
439 997 661 1048 necdum
690 990 798 1041 satis
829 988 1053 1055 persuasi.
1157 985 1255 1034 Sed
1285 985 1378 1032 alia
1409 985 1549 1031 lance
1582 997 1985 1049 temperamenta
2015 986 2070 1034 li-

309 1067 421 1115 brat
445 1058 774 1113 Haunoldus,
795 1058 848 1104 in
874 1070 973 1117 qua
994 1053 1139 1100 unius
1162 1065 1258 1114 pra‘,
1283 1050 1442 1096 altero
1471 1048 1674 1113 pondus
1690 1082 1702 1103 ,
1733 1047 1799 1098 sic
1824 1049 1890 1098 ad
1919 1051 2072 1100 virtu-

313 1143 423 1178 tem
444 1126 673 1176 inclinat,
700 1134 755 1169 ut
778 1122 979 1167 tantum
1002 1131 1113 1164 non
1138 1113 1274 1162 hisce
1296 1129 1359 1161 oc
1381 1114 1454 1160 ilis
1477 1113 1739 1161 dilciimen
1763 1116 2068 1163 intueamur.

312 1196 658 1253 Praeterquam
683 1186 846 1237 enim,
870 1179 1016 1244 quod
1045 1180 1146 1228 hoc
1170 1177 1490 1225 conformius
1514 1175 1570 1223 lit
1592 1178 1854 1240 Scripturae
1880 1179 2075 1226 Oracu-

316 1259 374 1308 lis
389 1291 401 1312 ,
426 1256 586 1305 sensus
623 1250 916 1298 communis
931 1279 944 1300 ,
966 1245 1030 1294 ad
1050 1246 1118 1292 ita
1152 1240 1465 1290 sentiendum
1481 1274 1495 1293 ,
1517 1256 1612 1288 nos
1634 1243 1829 1290 videtur
1849 1241 2074 1306 impelle-

317 1337 387 1371 re.
468 1320 566 1368 Dic
590 1312 993 1366 enim,'amabo,
1013 1325 1077 1356 an
1096 1322 1207 1355 non
1234 1303 1392 1368 magis
1420 1306 1621 1368 eligeres
1651 1303 1974 1354 amoenissimi
1994 1305 2076 1362 Ja-

319 1384 441 1435 cobi
467 1380 727 1430 indolem,
750 1374 908 1439 quam
938 1375 1162 1423 Genium
1190 1371 1461 1418 silvestrem
1491 1369 1658 1417 hirsuti
1690 1370 1840 1418 Esau?
1877 1385 1938 1416 an
1967 1382 2078 1416 non

320 1445 482 1511 magis
504 1446 594 1494 tibi
616 1453 813 1506 optares
836 1436 1134 1488 suaviffimas
1156 1435 1329 1488 dotes,
1354 1449 1475 1495 quas
1497 1435 1692 1481 Natura
1717 1435 1910 1491 Joanni
1933 1432 2078 1496 Apo-

318 1511 453 1562 stolo
467 1544 481 1566 ,
498 1507 655 1572 quam
680 1505 863 1570 pellem
882 1502 1122 1553 iscariotis
1142 1498 1419 1562 vulpinam,
1435 1496 1571 1544 mille
1591 1498 1850 1546 fraudibus
1869 1497 2050 1554 fartam
2063 1528 2080 1547 ,

319 1589 471 1640 atque
492 1570 760 1622 refertam?
797 1584 861 1616 an
886 1582 996 1616 non
1015 1576 1240 1629 expertus
1264 1578 1313 1610 es
1333 1562 1498 1626 saepius
1513 1594 1524 1614 ‚
1550 1566 1614 1609 ad
1635 1563 1872 1610 Virtutem
1887 1593 1900 1613 ,
1921 1560 1982 1608 ad
2007 1559 2081 1606 lit-

321 1654 449 1689 teras
474 1634 664 1686 facilius
686 1648 841 1681 unam
871 1630 1104 1679 indolem
1132 1626 1284 1675 trahi,
1305 1626 1464 1688 quam
1495 1625 1675 1673 aliam?
1711 1621 1823 1672 lane
1851 1623 2084 1672 Haunol-

325 1705 417 1753 dus
440 1698 717 1767 persuaderi
741 1712 849 1744 non
874 1694 1076 1759 poterit,
1098 1689 1242 1754 quod
1264 1691 1403 1738 aliter
1425 1688 1480 1737 lis
1501 1688 1774 1752 persuasus:
1811 1687 1931 1736 hinc
1955 1702 2080 1735 con-

326 1767 484 1817 cludit
507 1798 520 1818 ,
539 1762 742 1811 'nullam
771 1761 980 1822 quidem
1011 1756 1312 1820 temperiem
1345 1754 1624 1818 fimplicem
1657 1753 1794 1800 alteri
1822 1751 2086 1815 praeferen-

328 1832 449 1881 dam
464 1863 477 1885 ,
501 1829 552 1877 id
572 1825 715 1890 quod
734 1825 995 1888 Esparzam
1019 1817 1328 1869 contendisse
1350 1820 1679 1880 interpretor:
1717 1818 1844 1864 inter
1868 1830 2085 1879 compo-

329 1895 438 1946 sitas
467 1906 640 1941 tamen
658 1885 843 1938 merito
868 1885 1065 1948 admitti
1083 1882 1352 1931 delcitum.
1454 1880 1740 1945 Qodnam
1769 1892 1939 1928 autem
1959 1891 2087 1926 tem-

330 1968 690 2025 peramentum
720 1968 818 2017 prae
847 1950 1047 2012 reliquis
1077 1946 1165 1995 fibi
1193 1949 1376 2011 primas
1407 1945 1644 2010 deposcat
1666 1977 1679 1997 ,
1715 1943 1912 1992 decidat
1942 1943 2086 1992 altius

331 2021 602 2074 Tribunals
639 2018 931 2068 sentiemus,
956 2011 1100 2075 quod
1123 2014 1380 2060 volumus⁴
1479 2006 1632 2057 Certe
1650 2008 1913 2071 Hispanica
1926 2008 2088 2056 Natio

335 2103 431 2153 pro
452 2084 713 2134 cholerico
734 2077 1119 2130 Melancholico
1139 2075 1436 2124 decertabit:
1474 2073 1666 2121 Gallica
1688 2087 1781 2135 pro
1805 2070 2091 2118 cholerico-

337 2151 628 2214 sanguineo.
732 2143 976 2194 Germani
1005 2142 1280 2204 primatum
1309 2138 1535 2187 deferent
1557 2133 2090 2185 Melancholico-san-

340 2216 556 2277 guineo:
589 2209 697 2260 Itali
712 2203 1417 2258 Melancholico-cholerico,
1441 2198 1635 2263 suamq5
1655 2197 2092 2248 PatriamSantto„

340 2293 456 2326 rum
487 2271 917 2325 foecundissimam
948 2270 1286 2322 Genitricem,
1311 2262 1338 2317 ὲ
1361 2265 1712 2316 monumentis
1736 2259 1980 2312 historicis
2009 2261 2093 2311 de-

342 2337 716 2389 monstrabunt.

473 2403 671 2452 LEUC:
708 2403 823 2458 Jam
845 2415 955 2449 non
977 2398 1147 2452 video,
1161 2395 1283 2461 quid
1307 2394 1518 2459 amplius
1540 2391 1567 2441 a
1589 2391 1987 2457 Physiognomia
2007 2403 2093 2454 pei-

341 2479 414 2516 tat
435 2465 626 2515 curiosa
659 2464 841 2512 sciendi
872 2463 1140 2528 cupiditas,
1165 2460 1252 2509 nisi
1280 2460 1430 2524 ipsam
1454 2453 1588 2506 forte
1611 2459 1783 2505 Momi
1805 2450 2092 2506 fenestram,

343 2547 444 2595 qua
464 2531 562 2597 ipsa
581 2543 791 2593 quoque
811 2528 994 2578 secreta
1025 2525 1218 2582 cordis,
1243 2527 1294 2576 ὅ(
1328 2519 1573 2574 abstrusos
1599 2523 1651 2572 in
1677 2522 1864 2572 intimis
1895 2515 2093 2586 latebris

1846 2592 2033 2644 cogita-
