<?xml version="1.0" encoding="UTF-8"?>
<!DOCTYPE html PUBLIC "-//W3C//DTD XHTML 1.0 Transitional//EN"
    "http://www.w3.org/TR/xhtml1/DTD/xhtml1-transitional.dtd">
<html xmlns="http://www.w3.org/1999/xhtml" xml:lang="en" lang="en">
 <head>
  <title>
</title>
<meta http-equiv="Content-Type" content="text/html;charset=utf-8" />
  <meta name='ocr-system' content='tesseract 3.04.00' />
  <meta name='ocr-capabilities' content='ocr_page ocr_carea ocr_par ocr_line ocrx_word'/>
</head>
<body>
  <div class='ocr_page' id='page_1' title='image "./peripateticusnos00sch_0201.png"; bbox 0 0 2177 2905; ppageno 0'>
   <div class='ocr_carea' id='block_1_1' title="bbox 699 58 1758 155">
    <p class='ocr_par' dir='ltr' id='par_1_1' title="bbox 699 58 1758 155">
     <span class='ocr_line' id='line_1_1' title="bbox 699 58 1758 155; baseline 0.006 -18"><span class='ocrx_word' id='word_1_1' title='bbox 699 91 922 154; x_wconf 82' lang='lat' dir='ltr'><strong>Speculum</strong></span> <span class='ocrx_word' id='word_1_2' title='bbox 947 92 1185 155; x_wconf 84' lang='lat' dir='ltr'><strong>Phyficum.</strong></span> <span class='ocrx_word' id='word_1_3' title='bbox 1473 58 1475 60; x_wconf 5' lang='grc' dir='ltr'>μ</span> <span class='ocrx_word' id='word_1_4' title='bbox 1668 109 1686 142; x_wconf 88' lang='lat'>1</span> <span class='ocrx_word' id='word_1_5' title='bbox 1699 95 1758 155; x_wconf 81' lang='lat'><strong>69</strong></span> 
     </span>
    </p>
   </div>
   <div class='ocr_carea' id='block_1_2' title="bbox 36 186 1822 2483">
    <p class='ocr_par' dir='ltr' id='par_1_2' title="bbox 36 186 1822 2483">
     <span class='ocr_line' id='line_1_2' title="bbox 44 186 1821 255; baseline -0.001 -15"><span class='ocrx_word' id='word_1_6' title='bbox 44 200 155 240; x_wconf 87' lang='lat' dir='ltr'><strong>tem</strong></span> <span class='ocrx_word' id='word_1_7' title='bbox 175 189 351 241; x_wconf 87' lang='lat' dir='ltr'><strong>furore</strong></span> <span class='ocrx_word' id='word_1_8' title='bbox 370 187 639 243; x_wconf 84' lang='lat' dir='ltr'><strong>Pardalim‚</strong></span> <span class='ocrx_word' id='word_1_9' title='bbox 666 186 807 239; x_wconf 90' lang='lat' dir='ltr'><strong>subin</strong></span> <span class='ocrx_word' id='word_1_10' title='bbox 830 187 1121 240; x_wconf 87' lang='lat' dir='ltr'><strong>stertentem</strong></span> <span class='ocrx_word' id='word_1_11' title='bbox 1142 186 1336 255; x_wconf 69' lang='lat' dir='ltr'><strong>pigritia</strong></span> <span class='ocrx_word' id='word_1_12' title='bbox 1357 190 1645 244; x_wconf 81' lang='lat' dir='ltr'>Arcadem:</span> <span class='ocrx_word' id='word_1_13' title='bbox 1680 206 1821 240; x_wconf 90' lang='lat' dir='ltr'><strong>nune</strong></span> 
     </span>
     <span class='ocr_line' id='line_1_3' title="bbox 45 251 1822 321; baseline -0.001 -17"><span class='ocrx_word' id='word_1_14' title='bbox 45 251 165 319; x_wconf 64' lang='lat' dir='ltr'><strong>gula</strong></span> <span class='ocrx_word' id='word_1_15' title='bbox 184 269 428 311; x_wconf 84' lang='lat' dir='ltr'>voracem</span> <span class='ocrx_word' id='word_1_16' title='bbox 457 254 666 318; x_wconf 83' lang='lat' dir='ltr'><strong>lupum,</strong></span> <span class='ocrx_word' id='word_1_17' title='bbox 687 266 825 302; x_wconf 87' lang='lat' dir='ltr'><strong>nunc</strong></span> <span class='ocrx_word' id='word_1_18' title='bbox 860 252 1053 304; x_wconf 68' lang='lat' dir='ltr'><strong>luxuria</strong></span> <span class='ocrx_word' id='word_1_19' title='bbox 1088 255 1361 305; x_wconf 77' lang='lat' dir='ltr'><strong>foetentem</strong></span> <span class='ocrx_word' id='word_1_20' title='bbox 1395 272 1642 321; x_wconf 90' lang='lat' dir='ltr'><strong>porcum:</strong></span> <span class='ocrx_word' id='word_1_21' title='bbox 1689 256 1822 304; x_wconf 91' lang='lat' dir='ltr'><strong>dicet</strong></span> 
     </span>
     <span class='ocr_line' id='line_1_4' title="bbox 47 313 1821 386; baseline -0.001 -19"><span class='ocrx_word' id='word_1_22' title='bbox 47 319 190 368; x_wconf 87' lang='lat' dir='ltr'><strong>fuisse</strong></span> <span class='ocrx_word' id='word_1_23' title='bbox 211 313 455 384; x_wconf 65' lang='lat' dir='ltr'><strong>Epicurea</strong></span> <span class='ocrx_word' id='word_1_24' title='bbox 476 317 538 365; x_wconf 92' lang='lat' dir='ltr'><strong>de</strong></span> <span class='ocrx_word' id='word_1_25' title='bbox 564 313 710 380; x_wconf 89' lang='lat' dir='ltr'><strong>stirpe</strong></span> <span class='ocrx_word' id='word_1_26' title='bbox 730 318 938 386; x_wconf 65' lang='lat' dir='ltr'><strong>gnulum</strong></span> <span class='ocrx_word' id='word_1_27' title='bbox 953 351 966 373; x_wconf 91' lang='lat'>‚</span> <span class='ocrx_word' id='word_1_28' title='bbox 991 318 1128 377; x_wconf 27' lang='lat' dir='ltr'><strong>cuj-us</strong></span> <span class='ocrx_word' id='word_1_29' title='bbox 1158 332 1370 384; x_wconf 86' lang='lat' dir='ltr'><strong>nepotes</strong></span> <span class='ocrx_word' id='word_1_30' title='bbox 1392 320 1592 370; x_wconf 88' lang='lat' dir='ltr'><strong>dudum</strong></span> <span class='ocrx_word' id='word_1_31' title='bbox 1615 322 1681 371; x_wconf 91' lang='lat' dir='ltr'><strong>D.</strong></span> <span class='ocrx_word' id='word_1_32' title='bbox 1702 321 1821 369; x_wconf 87' lang='lat' dir='ltr'><strong>Hie-</strong></span> 
     </span>
     <span class='ocr_line' id='line_1_5' title="bbox 46 382 1822 452; baseline -0.002 -17"><span class='ocrx_word' id='word_1_33' title='bbox 46 401 313 452; x_wconf 83' lang='lat' dir='ltr'><strong>ronymus,</strong></span> <span class='ocrx_word' id='word_1_34' title='bbox 336 382 777 435; x_wconf 46' lang='lat' dir='ltr'><strong>antonomastice&amp;</strong></span> <span class='ocrx_word' id='word_1_35' title='bbox 793 418 806 438; x_wconf 92' lang='lat'><strong>,</strong></span> <span class='ocrx_word' id='word_1_36' title='bbox 843 386 1195 444; x_wconf 77' lang='lat' dir='ltr'><em>Philosophorum</em></span> <span class='ocrx_word' id='word_1_37' title='bbox 1207 389 1400 445; x_wconf 70' lang='lat' dir='ltr'><strong>pecudes,</strong></span> <span class='ocrx_word' id='word_1_38' title='bbox 1423 389 1715 452; x_wconf 82' lang='lat' dir='ltr'><strong>appellavit:</strong></span> <span class='ocrx_word' id='word_1_39' title='bbox 1752 386 1822 434; x_wconf 86' lang='lat' dir='ltr'><strong>di-</strong></span> 
     </span>
     <span class='ocr_line' id='line_1_6' title="bbox 44 451 1817 519; baseline -0.002 -16"><span class='ocrx_word' id='word_1_40' title='bbox 44 466 125 503; x_wconf 90' lang='lat' dir='ltr'><strong>cet</strong></span> <span class='ocrx_word' id='word_1_41' title='bbox 147 452 286 503; x_wconf 85' lang='lat' dir='ltr'><strong>fuiffe</strong></span> <span class='ocrx_word' id='word_1_42' title='bbox 305 452 626 516; x_wconf 79' lang='lat' dir='ltr'>Sardanapali</span> <span class='ocrx_word' id='word_1_43' title='bbox 657 453 906 517; x_wconf 80' lang='lat' dir='ltr'><strong>viperam,</strong></span> <span class='ocrx_word' id='word_1_44' title='bbox 930 452 1011 500; x_wconf 85' lang='lat' dir='ltr'><strong>vel</strong></span> <span class='ocrx_word' id='word_1_45' title='bbox 1029 451 1293 501; x_wconf 84' lang='lat' dir='ltr'><strong>Sibaritico</strong></span> <span class='ocrx_word' id='word_1_46' title='bbox 1318 453 1380 501; x_wconf 92' lang='lat' dir='ltr'><strong>de</strong></span> <span class='ocrx_word' id='word_1_47' title='bbox 1409 466 1554 519; x_wconf 90' lang='lat' dir='ltr'><strong>partu</strong></span> <span class='ocrx_word' id='word_1_48' title='bbox 1578 451 1786 502; x_wconf 89' lang='lat' dir='ltr'><strong>bestiam</strong></span> <span class='ocrx_word' id='word_1_49' title='bbox 1802 486 1817 507; x_wconf 91' lang='lat'><strong>,</strong></span> 
     </span>
     <span class='ocr_line' id='line_1_7' title="bbox 44 514 1818 580; baseline 0 -14"><span class='ocrx_word' id='word_1_50' title='bbox 44 532 155 580; x_wconf 82' lang='lat' dir='ltr'><strong>quae</strong></span> <span class='ocrx_word' id='word_1_51' title='bbox 178 516 546 566; x_wconf 80' lang='lat' dir='ltr'><strong>beatitudinem</strong></span> <span class='ocrx_word' id='word_1_52' title='bbox 563 515 702 564; x_wconf 87' lang='lat' dir='ltr'><strong>suam</strong></span> <span class='ocrx_word' id='word_1_53' title='bbox 723 517 776 563; x_wconf 91' lang='lat' dir='ltr'><strong>in</strong></span> <span class='ocrx_word' id='word_1_54' title='bbox 797 531 957 564; x_wconf 83' lang='lat' dir='ltr'><strong>coeno</strong></span> <span class='ocrx_word' id='word_1_55' title='bbox 974 548 987 569; x_wconf 84' lang='lat'><strong>,</strong></span> <span class='ocrx_word' id='word_1_56' title='bbox 1008 514 1166 564; x_wconf 86' lang='lat' dir='ltr'><strong>finem</strong></span> <span class='ocrx_word' id='word_1_57' title='bbox 1188 517 1429 566; x_wconf 88' lang='lat' dir='ltr'><strong>ultimum</strong></span> <span class='ocrx_word' id='word_1_58' title='bbox 1446 521 1498 565; x_wconf 85' lang='lat' dir='ltr'><strong>in</strong></span> <span class='ocrx_word' id='word_1_59' title='bbox 1520 517 1703 575; x_wconf 85' lang='lat' dir='ltr'><strong>delieijs</strong></span> <span class='ocrx_word' id='word_1_60' title='bbox 1726 531 1818 580; x_wconf 89' lang='lat' dir='ltr'><strong>po-</strong></span> 
     </span>
     <span class='ocr_line' id='line_1_8' title="bbox 40 577 1813 644; baseline -0.001 -15"><span class='ocrx_word' id='word_1_61' title='bbox 40 582 134 629; x_wconf 88' lang='lat' dir='ltr'><strong>suit</strong></span> <span class='ocrx_word' id='word_1_62' title='bbox 148 614 160 636; x_wconf 87' lang='lat'><strong>,</strong></span> <span class='ocrx_word' id='word_1_63' title='bbox 180 582 232 629; x_wconf 90' lang='lat' dir='ltr'><strong>in</strong></span> <span class='ocrx_word' id='word_1_64' title='bbox 255 580 393 630; x_wconf 88' lang='lat' dir='ltr'><strong>nulla</strong></span> <span class='ocrx_word' id='word_1_65' title='bbox 415 594 468 627; x_wconf 91' lang='lat' dir='ltr'><strong>re</strong></span> <span class='ocrx_word' id='word_1_66' title='bbox 488 578 642 628; x_wconf 88' lang='lat' dir='ltr'><strong>brutis</strong></span> <span class='ocrx_word' id='word_1_67' title='bbox 661 579 901 644; x_wconf 83' lang='lat' dir='ltr'><strong>superior,</strong></span> <span class='ocrx_word' id='word_1_68' title='bbox 925 578 1013 626; x_wconf 82' lang='lat' dir='ltr'><strong>nisi</strong></span> <span class='ocrx_word' id='word_1_69' title='bbox 1030 577 1178 643; x_wconf 77' lang='lat' dir='ltr'><strong>quod</strong></span> <span class='ocrx_word' id='word_1_70' title='bbox 1201 582 1397 629; x_wconf 87' lang='lat' dir='ltr'><strong>ratione</strong></span> <span class='ocrx_word' id='word_1_71' title='bbox 1415 592 1600 635; x_wconf 85' lang='lat' dir='ltr'><strong>utatur,</strong></span> <span class='ocrx_word' id='word_1_72' title='bbox 1621 592 1675 629; x_wconf 89' lang='lat' dir='ltr'><strong>ut</strong></span> <span class='ocrx_word' id='word_1_73' title='bbox 1693 582 1813 629; x_wconf 84' lang='lat' dir='ltr'><strong>abu-</strong></span> 
     </span>
     <span class='ocr_line' id='line_1_9' title="bbox 42 638 1815 710; baseline -0.003 -17"><span class='ocrx_word' id='word_1_74' title='bbox 42 655 205 698; x_wconf 86' lang='lat' dir='ltr'><strong>tatur,</strong></span> <span class='ocrx_word' id='word_1_75' title='bbox 224 638 482 710; x_wconf 79' lang='lat' dir='ltr'><strong>possitque</strong></span> <span class='ocrx_word' id='word_1_76' title='bbox 513 641 611 691; x_wconf 78' lang='lat' dir='ltr'><strong>defi</strong></span> <span class='ocrx_word' id='word_1_77' title='bbox 651 645 733 691; x_wconf 87' lang='lat' dir='ltr'><strong>ere</strong></span> <span class='ocrx_word' id='word_1_78' title='bbox 751 643 882 693; x_wconf 83' lang='lat' dir='ltr'><strong>infra</strong></span> <span class='ocrx_word' id='word_1_79' title='bbox 904 657 1085 707; x_wconf 38' lang='lat' dir='ltr'><strong>pecus*</strong></span> <span class='ocrx_word' id='word_1_80' title='bbox 1143 644 1321 693; x_wconf 86' lang='lat' dir='ltr'><strong>Mores</strong></span> <span class='ocrx_word' id='word_1_81' title='bbox 1354 645 1555 708; x_wconf 87' lang='lat' dir='ltr'><strong>deteget</strong></span> <span class='ocrx_word' id='word_1_82' title='bbox 1583 641 1733 694; x_wconf 75' lang='lat' dir='ltr'><strong>tertio</strong></span> <span class='ocrx_word' id='word_1_83' title='bbox 1762 660 1815 689; x_wconf 83' lang='lat' dir='ltr'><strong>ex</strong></span> 
     </span>
     <span class='ocr_line' id='line_1_10' title="bbox 44 704 1813 772; baseline 0.001 -18"><span class='ocrx_word' id='word_1_84' title='bbox 44 708 310 754; x_wconf 80' lang='lat' dir='ltr'><strong>Educatione</strong></span> <span class='ocrx_word' id='word_1_85' title='bbox 330 707 593 771; x_wconf 83' lang='lat' dir='ltr'><strong>peffima,pe</strong></span> <span class='ocrx_word' id='word_1_86' title='bbox 630 705 795 755; x_wconf 82' lang='lat' dir='ltr'><strong>imos:</strong></span> <span class='ocrx_word' id='word_1_87' title='bbox 833 705 939 754; x_wconf 82' lang='lat' dir='ltr'><strong>haec</strong></span> <span class='ocrx_word' id='word_1_88' title='bbox 968 721 1077 754; x_wconf 85' lang='lat' dir='ltr'><strong>non</strong></span> <span class='ocrx_word' id='word_1_89' title='bbox 1104 704 1219 755; x_wconf 74' lang='lat' dir='ltr'><strong>raro</strong></span> <span class='ocrx_word' id='word_1_90' title='bbox 1246 709 1532 772; x_wconf 79' lang='lat' dir='ltr'><strong>corruptela</strong></span> <span class='ocrx_word' id='word_1_91' title='bbox 1554 709 1813 765; x_wconf 85' lang='lat' dir='ltr'><strong>Juventae,</strong></span> 
     </span>
     <span class='ocr_line' id='line_1_11' title="bbox 42 769 1813 836; baseline -0.001 -16"><span class='ocrx_word' id='word_1_92' title='bbox 42 771 151 820; x_wconf 88' lang='lat' dir='ltr'><strong>haec</strong></span> <span class='ocrx_word' id='word_1_93' title='bbox 178 786 318 836; x_wconf 88' lang='lat' dir='ltr'><strong>petra</strong></span> <span class='ocrx_word' id='word_1_94' title='bbox 341 770 583 821; x_wconf 85' lang='lat' dir='ltr'><strong>scandali,</strong></span> <span class='ocrx_word' id='word_1_95' title='bbox 607 769 716 819; x_wconf 83' lang='lat' dir='ltr'><strong>haec</strong></span> <span class='ocrx_word' id='word_1_96' title='bbox 738 771 1054 822; x_wconf 74' lang='lat' dir='ltr'><strong>innocentiae</strong></span> <span class='ocrx_word' id='word_1_97' title='bbox 1083 769 1380 834; x_wconf 76' lang='lat' dir='ltr'><strong>Charybdis.</strong></span> <span class='ocrx_word' id='word_1_98' title='bbox 1481 772 1689 822; x_wconf 86' lang='lat' dir='ltr'><strong>DEUM</strong></span> <span class='ocrx_word' id='word_1_99' title='bbox 1721 774 1813 819; x_wconf 89' lang='lat' dir='ltr'><strong>im-</strong></span> 
     </span>
     <span class='ocr_line' id='line_1_12' title="bbox 36 831 1814 897; baseline -0.001 -14"><span class='ocrx_word' id='word_1_100' title='bbox 36 836 340 887; x_wconf 84' lang='lat' dir='ltr'><strong>mortalem!</strong></span> <span class='ocrx_word' id='word_1_101' title='bbox 380 837 607 885; x_wconf 76' lang='lat' dir='ltr'><strong>Educatio,</strong></span> <span class='ocrx_word' id='word_1_102' title='bbox 628 848 737 897; x_wconf 84' lang='lat' dir='ltr'><strong>quae</strong></span> <span class='ocrx_word' id='word_1_103' title='bbox 764 834 969 882; x_wconf 82' lang='lat' dir='ltr'><strong>deberet</strong></span> <span class='ocrx_word' id='word_1_104' title='bbox 998 831 1093 881; x_wconf 80' lang='lat' dir='ltr'><strong>effe</strong></span> <span class='ocrx_word' id='word_1_105' title='bbox 1124 835 1203 882; x_wconf 79' lang='lat' dir='ltr'><strong>via</strong></span> <span class='ocrx_word' id='word_1_106' title='bbox 1223 833 1411 889; x_wconf 82' lang='lat' dir='ltr'><strong>salutis,</strong></span> <span class='ocrx_word' id='word_1_107' title='bbox 1436 832 1567 883; x_wconf 88' lang='lat' dir='ltr'><strong>filios</strong></span> <span class='ocrx_word' id='word_1_108' title='bbox 1598 834 1736 883; x_wconf 87' lang='lat' dir='ltr'><strong>ducit</strong></span> <span class='ocrx_word' id='word_1_109' title='bbox 1763 836 1814 882; x_wconf 90' lang='lat' dir='ltr'><strong>in</strong></span> 
     </span>
     <span class='ocr_line' id='line_1_13' title="bbox 39 897 1815 962; baseline -0.001 -15"><span class='ocrx_word' id='word_1_110' title='bbox 39 900 154 950; x_wconf 84' lang='lat' dir='ltr'><strong>avia</strong></span> <span class='ocrx_word' id='word_1_111' title='bbox 183 900 274 947; x_wconf 83' lang='lat' dir='ltr'><strong>suae</strong></span> <span class='ocrx_word' id='word_1_112' title='bbox 298 898 608 962; x_wconf 81' lang='lat' dir='ltr'><strong>perditionis,</strong></span> <span class='ocrx_word' id='word_1_113' title='bbox 710 899 981 961; x_wconf 86' lang='lat' dir='ltr'><strong>Stupescite</strong></span> <span class='ocrx_word' id='word_1_114' title='bbox 1012 898 1270 952; x_wconf 88' lang='lat' dir='ltr'><strong>Parentes,</strong></span> <span class='ocrx_word' id='word_1_115' title='bbox 1294 901 1347 948; x_wconf 68' lang='lat' dir='ltr'><strong>&lt;Se</strong></span> <span class='ocrx_word' id='word_1_116' title='bbox 1367 897 1403 946; x_wconf 86' lang='lat' dir='ltr'>fi</span> <span class='ocrx_word' id='word_1_117' title='bbox 1430 914 1561 962; x_wconf 88' lang='lat' dir='ltr'><strong>quos</strong></span> <span class='ocrx_word' id='word_1_118' title='bbox 1590 897 1673 947; x_wconf 89' lang='lat' dir='ltr'><strong>hic</strong></span> <span class='ocrx_word' id='word_1_119' title='bbox 1701 900 1815 946; x_wconf 89' lang='lat' dir='ltr'><strong>titu-</strong></span> 
     </span>
     <span class='ocr_line' id='line_1_14' title="bbox 42 959 1813 1026; baseline 0 -17"><span class='ocrx_word' id='word_1_120' title='bbox 42 962 118 1011; x_wconf 92' lang='lat' dir='ltr'><strong>lus</strong></span> <span class='ocrx_word' id='word_1_121' title='bbox 140 963 418 1026; x_wconf 86' lang='lat' dir='ltr'><strong>complices</strong></span> <span class='ocrx_word' id='word_1_122' title='bbox 437 959 850 1025; x_wconf 84' lang='lat' dir='ltr'><strong>comprehendit,</strong></span> <span class='ocrx_word' id='word_1_123' title='bbox 876 959 1156 1025; x_wconf 87' lang='lat' dir='ltr'><strong>stupescite,</strong></span> <span class='ocrx_word' id='word_1_124' title='bbox 1185 960 1332 1024; x_wconf 78' lang='lat' dir='ltr'><strong>quod</strong></span> <span class='ocrx_word' id='word_1_125' title='bbox 1349 978 1459 1011; x_wconf 92' lang='lat' dir='ltr'><strong>non</strong></span> <span class='ocrx_word' id='word_1_126' title='bbox 1489 961 1578 1010; x_wconf 85' lang='lat' dir='ltr'><strong>nifi</strong></span> <span class='ocrx_word' id='word_1_127' title='bbox 1596 963 1813 1010; x_wconf 87' lang='lat' dir='ltr'><strong>nomine</strong></span> 
     </span>
     <span class='ocr_line' id='line_1_15' title="bbox 39 1022 1812 1089; baseline -0.001 -15"><span class='ocrx_word' id='word_1_128' title='bbox 39 1024 138 1074; x_wconf 83' lang='lat' dir='ltr'><strong>fitis</strong></span> <span class='ocrx_word' id='word_1_129' title='bbox 153 1027 403 1079; x_wconf 88' lang='lat' dir='ltr'><strong>Parentes,</strong></span> <span class='ocrx_word' id='word_1_130' title='bbox 427 1040 482 1072; x_wconf 90' lang='lat' dir='ltr'><strong>re</strong></span> <span class='ocrx_word' id='word_1_131' title='bbox 504 1023 608 1088; x_wconf 69' lang='lat' dir='ltr'><strong>ipsa</strong></span> <span class='ocrx_word' id='word_1_132' title='bbox 626 1022 851 1072; x_wconf 80' lang='lat' dir='ltr'><strong>filiorum</strong></span> <span class='ocrx_word' id='word_1_133' title='bbox 876 1023 1147 1079; x_wconf 83' lang='lat' dir='ltr'><strong>carnifices,</strong></span> <span class='ocrx_word' id='word_1_134' title='bbox 1164 1028 1216 1075; x_wconf 69' lang='grc' dir='ltr'><strong>ὃς</strong></span> <span class='ocrx_word' id='word_1_135' title='bbox 1237 1026 1474 1075; x_wconf 85' lang='lat' dir='ltr'><strong>latrones.</strong></span> <span class='ocrx_word' id='word_1_136' title='bbox 1543 1025 1812 1089; x_wconf 85' lang='lat' dir='ltr'><strong>Stupebitis</strong></span> 
     </span>
     <span class='ocr_line' id='line_1_16' title="bbox 39 1087 1812 1152; baseline 0.001 -15"><span class='ocrx_word' id='word_1_137' title='bbox 39 1088 304 1144; x_wconf 85' lang='lat' dir='ltr'><strong>judicium,</strong></span> <span class='ocrx_word' id='word_1_138' title='bbox 318 1088 464 1152; x_wconf 89' lang='lat' dir='ltr'><strong>quod</strong></span> <span class='ocrx_word' id='word_1_139' title='bbox 485 1089 613 1136; x_wconf 88' lang='lat' dir='ltr'><strong>olim</strong></span> <span class='ocrx_word' id='word_1_140' title='bbox 634 1087 876 1137; x_wconf 85' lang='lat' dir='ltr'><strong>habebitis</strong></span> <span class='ocrx_word' id='word_1_141' title='bbox 897 1102 953 1134; x_wconf 84' lang='lat' dir='ltr'><strong>ex</strong></span> <span class='ocrx_word' id='word_1_142' title='bbox 968 1088 1155 1143; x_wconf 87' lang='lat' dir='ltr'><strong>judicio</strong></span> <span class='ocrx_word' id='word_1_143' title='bbox 1175 1102 1434 1137; x_wconf 80' lang='lat' dir='ltr'><strong>natorum.</strong></span> <span class='ocrx_word' id='word_1_144' title='bbox 1503 1090 1646 1138; x_wconf 76' lang='lat' dir='ltr'><strong>Heu!</strong></span> <span class='ocrx_word' id='word_1_145' title='bbox 1683 1090 1812 1138; x_wconf 81' lang='lat' dir='ltr'><strong>Len.-</strong></span> 
     </span>
     <span class='ocr_line' id='line_1_17' title="bbox 40 1151 1812 1216; baseline 0.001 -16"><span class='ocrx_word' id='word_1_146' title='bbox 40 1151 228 1200; x_wconf 84' lang='lat' dir='ltr'><strong>eothee</strong></span> <span class='ocrx_word' id='word_1_147' title='bbox 244 1185 256 1207; x_wconf 81' lang='lat'><strong>,</strong></span> <span class='ocrx_word' id='word_1_148' title='bbox 281 1152 405 1214; x_wconf 90' lang='lat' dir='ltr'><strong>quid</strong></span> <span class='ocrx_word' id='word_1_149' title='bbox 433 1153 678 1200; x_wconf 88' lang='lat' dir='ltr'><strong>miramur</strong></span> <span class='ocrx_word' id='word_1_150' title='bbox 696 1163 776 1198; x_wconf 92' lang='lat' dir='ltr'><strong>tot</strong></span> <span class='ocrx_word' id='word_1_151' title='bbox 795 1166 896 1201; x_wconf 91' lang='lat' dir='ltr'><strong>ova</strong></span> <span class='ocrx_word' id='word_1_152' title='bbox 922 1152 973 1198; x_wconf 88' lang='lat' dir='ltr'><strong>in</strong></span> <span class='ocrx_word' id='word_1_153' title='bbox 1001 1153 1234 1216; x_wconf 87' lang='lat' dir='ltr'><strong>Peripato</strong></span> <span class='ocrx_word' id='word_1_154' title='bbox 1257 1151 1479 1216; x_wconf 78' lang='lat' dir='ltr'><strong>pessima,</strong></span> <span class='ocrx_word' id='word_1_155' title='bbox 1501 1151 1620 1202; x_wconf 74' lang='lat' dir='ltr'><strong>cum</strong></span> <span class='ocrx_word' id='word_1_156' title='bbox 1645 1151 1812 1201; x_wconf 84' lang='lat' dir='ltr'><strong>audia-</strong></span> 
     </span>
     <span class='ocr_line' id='line_1_18' title="bbox 37 1215 1812 1282; baseline 0.001 -19"><span class='ocrx_word' id='word_1_157' title='bbox 37 1230 154 1265; x_wconf 87' lang='lat' dir='ltr'><strong>mus</strong></span> <span class='ocrx_word' id='word_1_158' title='bbox 174 1218 475 1264; x_wconf 86' lang='lat' dir='ltr'><strong>crocitantes</strong></span> <span class='ocrx_word' id='word_1_159' title='bbox 495 1227 575 1263; x_wconf 90' lang='lat' dir='ltr'><strong>tot</strong></span> <span class='ocrx_word' id='word_1_160' title='bbox 597 1216 816 1263; x_wconf 77' lang='lat' dir='ltr'><strong>corvos?</strong></span> <span class='ocrx_word' id='word_1_161' title='bbox 853 1230 962 1263; x_wconf 87' lang='lat' dir='ltr'><strong>non</strong></span> <span class='ocrx_word' id='word_1_162' title='bbox 985 1217 1123 1263; x_wconf 89' lang='lat' dir='ltr'><strong>enim</strong></span> <span class='ocrx_word' id='word_1_163' title='bbox 1145 1215 1397 1264; x_wconf 69' lang='lat' dir='ltr'><strong>obscoenae</strong></span> <span class='ocrx_word' id='word_1_164' title='bbox 1421 1231 1615 1282; x_wconf 84' lang='lat' dir='ltr'><strong>upupae‚</strong></span> <span class='ocrx_word' id='word_1_165' title='bbox 1645 1216 1812 1264; x_wconf 87' lang='lat' dir='ltr'><strong>candi-</strong></span> 
     </span>
     <span class='ocr_line' id='line_1_19' title="bbox 38 1278 1812 1344; baseline 0.002 -21"><span class='ocrx_word' id='word_1_166' title='bbox 38 1279 162 1327; x_wconf 84' lang='lat' dir='ltr'><strong>dam</strong></span> <span class='ocrx_word' id='word_1_167' title='bbox 193 1291 533 1343; x_wconf 83' lang='lat' dir='ltr'><strong>progenerant</strong></span> <span class='ocrx_word' id='word_1_168' title='bbox 560 1278 876 1328; x_wconf 86' lang='lat' dir='ltr'><strong>columbam.</strong></span> <span class='ocrx_word' id='word_1_169' title='bbox 977 1279 1323 1342; x_wconf 86' lang='lat' dir='ltr'><strong>Progenerant</strong></span> <span class='ocrx_word' id='word_1_170' title='bbox 1349 1278 1508 1334; x_wconf 86' lang='lat' dir='ltr'><strong>filios,</strong></span> <span class='ocrx_word' id='word_1_171' title='bbox 1539 1295 1603 1327; x_wconf 86' lang='lat' dir='ltr'><strong>ne</strong></span> <span class='ocrx_word' id='word_1_172' title='bbox 1622 1281 1812 1344; x_wconf 86' lang='lat' dir='ltr'><strong>vipera-</strong></span> 
     </span>
     <span class='ocr_line' id='line_1_20' title="bbox 40 1340 1811 1406; baseline 0.001 -16"><span class='ocrx_word' id='word_1_173' title='bbox 40 1358 157 1390; x_wconf 81' lang='lat' dir='ltr'><strong>rum</strong></span> <span class='ocrx_word' id='word_1_174' title='bbox 178 1344 435 1406; x_wconf 82' lang='lat' dir='ltr'><strong>genimina</strong></span> <span class='ocrx_word' id='word_1_175' title='bbox 457 1344 510 1390; x_wconf 90' lang='lat' dir='ltr'><strong>in</strong></span> <span class='ocrx_word' id='word_1_176' title='bbox 532 1342 675 1392; x_wconf 89' lang='lat' dir='ltr'><strong>Orbe</strong></span> <span class='ocrx_word' id='word_1_177' title='bbox 698 1355 925 1403; x_wconf 89' lang='lat' dir='ltr'><strong>unquam</strong></span> <span class='ocrx_word' id='word_1_178' title='bbox 962 1340 1219 1391; x_wconf 85' lang='lat' dir='ltr'><strong>deficiant:</strong></span> <span class='ocrx_word' id='word_1_179' title='bbox 1257 1343 1439 1406; x_wconf 80' lang='lat' dir='ltr'><strong>pietate</strong></span> <span class='ocrx_word' id='word_1_180' title='bbox 1465 1343 1657 1391; x_wconf 87' lang='lat' dir='ltr'><strong>crudeli</strong></span> <span class='ocrx_word' id='word_1_181' title='bbox 1690 1342 1811 1391; x_wconf 84' lang='lat' dir='ltr'><strong>dant</strong></span> 
     </span>
     <span class='ocr_line' id='line_1_21' title="bbox 39 1403 1810 1469; baseline -0.001 -14"><span class='ocrx_word' id='word_1_182' title='bbox 39 1408 200 1455; x_wconf 80' lang='lat' dir='ltr'><strong>vitam</strong></span> <span class='ocrx_word' id='word_1_183' title='bbox 230 1420 387 1454; x_wconf 89' lang='lat' dir='ltr'><strong>unam</strong></span> <span class='ocrx_word' id='word_1_184' title='bbox 408 1439 422 1460; x_wconf 96' lang='lat'><strong>,</strong></span> <span class='ocrx_word' id='word_1_185' title='bbox 451 1418 507 1453; x_wconf 93' lang='lat' dir='ltr'><strong>ut</strong></span> <span class='ocrx_word' id='word_1_186' title='bbox 541 1420 661 1453; x_wconf 89' lang='lat' dir='ltr'><strong>cum</strong></span> <span class='ocrx_word' id='word_1_187' title='bbox 694 1415 928 1467; x_wconf 88' lang='lat' dir='ltr'><strong>tempore</strong></span> <span class='ocrx_word' id='word_1_188' title='bbox 959 1405 1151 1469; x_wconf 85' lang='lat' dir='ltr'><strong>rapiant</strong></span> <span class='ocrx_word' id='word_1_189' title='bbox 1182 1407 1458 1468; x_wconf 88' lang='lat' dir='ltr'><strong>geminam.</strong></span> <span class='ocrx_word' id='word_1_190' title='bbox 1569 1407 1651 1456; x_wconf 89' lang='lat' dir='ltr'><strong>Sic</strong></span> <span class='ocrx_word' id='word_1_191' title='bbox 1678 1403 1810 1454; x_wconf 90' lang='lat' dir='ltr'><strong>insti·</strong></span> 
     </span>
     <span class='ocr_line' id='line_1_22' title="bbox 40 1462 1810 1526; baseline 0.001 -9"><span class='ocrx_word' id='word_1_192' title='bbox 40 1480 218 1522; x_wconf 87' lang='lat' dir='ltr'><strong>tuunt,</strong></span> <span class='ocrx_word' id='word_1_193' title='bbox 245 1480 300 1517; x_wconf 89' lang='lat' dir='ltr'><strong>ut</strong></span> <span class='ocrx_word' id='word_1_194' title='bbox 321 1470 372 1517; x_wconf 91' lang='lat' dir='ltr'><strong>in</strong></span> <span class='ocrx_word' id='word_1_195' title='bbox 394 1467 570 1526; x_wconf 73' lang='lat' dir='ltr'><strong>me-dijs</strong></span> <span class='ocrx_word' id='word_1_196' title='bbox 592 1466 658 1515; x_wconf 88' lang='lat' dir='ltr'><strong>ad</strong></span> <span class='ocrx_word' id='word_1_197' title='bbox 675 1465 884 1516; x_wconf 85' lang='lat' dir='ltr'><strong>salutem</strong></span> <span class='ocrx_word' id='word_1_198' title='bbox 913 1462 1205 1520; x_wconf 82' lang='lat' dir='ltr'><strong>destituant3</strong></span> <span class='ocrx_word' id='word_1_199' title='bbox 1241 1466 1306 1517; x_wconf 83' lang='lat' dir='ltr'><strong>fic</strong></span> <span class='ocrx_word' id='word_1_200' title='bbox 1336 1464 1569 1524; x_wconf 75' lang='lat' dir='ltr'><strong>educant,</strong></span> <span class='ocrx_word' id='word_1_201' title='bbox 1591 1481 1645 1518; x_wconf 91' lang='lat' dir='ltr'><strong>ut</strong></span> <span class='ocrx_word' id='word_1_202' title='bbox 1671 1469 1810 1518; x_wconf 88' lang='lat' dir='ltr'><strong>sedu-</strong></span> 
     </span>
     <span class='ocr_line' id='line_1_23' title="bbox 39 1530 1810 1596; baseline 0 -16"><span class='ocrx_word' id='word_1_203' title='bbox 39 1544 184 1586; x_wconf 87' lang='lat' dir='ltr'><strong>cant,</strong></span> <span class='ocrx_word' id='word_1_204' title='bbox 201 1530 270 1583; x_wconf 83' lang='lat' dir='ltr'><strong>fie</strong></span> <span class='ocrx_word' id='word_1_205' title='bbox 292 1533 547 1586; x_wconf 88' lang='lat' dir='ltr'><strong>nutriunt,</strong></span> <span class='ocrx_word' id='word_1_206' title='bbox 567 1543 624 1581; x_wconf 88' lang='lat' dir='ltr'><strong>ut</strong></span> <span class='ocrx_word' id='word_1_207' title='bbox 645 1530 709 1578; x_wconf 91' lang='lat' dir='ltr'><strong>ad</strong></span> <span class='ocrx_word' id='word_1_208' title='bbox 738 1531 1012 1580; x_wconf 87' lang='lat' dir='ltr'><strong>macellum</strong></span> <span class='ocrx_word' id='word_1_209' title='bbox 1035 1531 1246 1582; x_wconf 87' lang='lat' dir='ltr'><strong>Diaboli</strong></span> <span class='ocrx_word' id='word_1_210' title='bbox 1268 1532 1505 1596; x_wconf 75' lang='lat' dir='ltr'><strong>saginent.</strong></span> <span class='ocrx_word' id='word_1_211' title='bbox 1587 1535 1717 1583; x_wconf 90' lang='lat' dir='ltr'><strong>Non</strong></span> <span class='ocrx_word' id='word_1_212' title='bbox 1741 1533 1810 1581; x_wconf 86' lang='lat' dir='ltr'><strong>sat</strong></span> 
     </span>
     <span class='ocr_line' id='line_1_24' title="bbox 40 1591 1806 1663; baseline 0 -19"><span class='ocrx_word' id='word_1_213' title='bbox 40 1591 110 1645; x_wconf 87' lang='lat' dir='ltr'><strong>est</strong></span> <span class='ocrx_word' id='word_1_214' title='bbox 130 1596 220 1643; x_wconf 90' lang='lat' dir='ltr'><strong>illis</strong></span> <span class='ocrx_word' id='word_1_215' title='bbox 243 1596 295 1642; x_wconf 87' lang='lat' dir='ltr'><strong>in</strong></span> <span class='ocrx_word' id='word_1_216' title='bbox 317 1595 512 1643; x_wconf 89' lang='lat' dir='ltr'><strong>malum</strong></span> <span class='ocrx_word' id='word_1_217' title='bbox 535 1608 749 1659; x_wconf 84' lang='lat' dir='ltr'><strong>praeceps</strong></span> <span class='ocrx_word' id='word_1_218' title='bbox 767 1595 1044 1651; x_wconf 66' lang='lat' dir='ltr'><strong>Juventuss</strong></span> <span class='ocrx_word' id='word_1_219' title='bbox 1067 1596 1277 1643; x_wconf 86' lang='lat' dir='ltr'><strong>incitant</strong></span> <span class='ocrx_word' id='word_1_220' title='bbox 1292 1629 1304 1649; x_wconf 94' lang='lat'><strong>,</strong></span> <span class='ocrx_word' id='word_1_221' title='bbox 1327 1608 1382 1644; x_wconf 91' lang='lat' dir='ltr'><strong>ut</strong></span> <span class='ocrx_word' id='word_1_222' title='bbox 1407 1595 1553 1646; x_wconf 73' lang='lat' dir='ltr'><strong>eitius</strong></span> <span class='ocrx_word' id='word_1_223' title='bbox 1575 1608 1806 1663; x_wconf 80' lang='lat' dir='ltr'><strong>pereant5</strong></span> 
     </span>
     <span class='ocr_line' id='line_1_25' title="bbox 37 1654 1809 1725; baseline 0.001 -18"><span class='ocrx_word' id='word_1_224' title='bbox 37 1658 275 1723; x_wconf 87' lang='lat' dir='ltr'><strong>exemplo</strong></span> <span class='ocrx_word' id='word_1_225' title='bbox 299 1660 436 1708; x_wconf 90' lang='lat' dir='ltr'><strong>viam</strong></span> <span class='ocrx_word' id='word_1_226' title='bbox 457 1654 744 1707; x_wconf 82' lang='lat' dir='ltr'><strong>monstrant</strong></span> <span class='ocrx_word' id='word_1_227' title='bbox 767 1657 830 1706; x_wconf 90' lang='lat' dir='ltr'><strong>ad</strong></span> <span class='ocrx_word' id='word_1_228' title='bbox 850 1673 1033 1708; x_wconf 89' lang='lat' dir='ltr'><strong>orcum</strong></span> <span class='ocrx_word' id='word_1_229' title='bbox 1049 1691 1061 1712; x_wconf 87' lang='lat'><strong>,</strong></span> <span class='ocrx_word' id='word_1_230' title='bbox 1080 1674 1146 1707; x_wconf 90' lang='lat' dir='ltr'><strong>ne</strong></span> <span class='ocrx_word' id='word_1_231' title='bbox 1164 1659 1338 1709; x_wconf 85' lang='lat' dir='ltr'><strong>saltem</strong></span> <span class='ocrx_word' id='word_1_232' title='bbox 1355 1675 1444 1724; x_wconf 89' lang='lat' dir='ltr'><strong>per</strong></span> <span class='ocrx_word' id='word_1_233' title='bbox 1467 1662 1809 1725; x_wconf 86' lang='lat' dir='ltr'><strong>ignorantiam</strong></span> 
     </span>
     <span class='ocr_line' id='line_1_26' title="bbox 37 1720 1808 1789; baseline 0.001 -19"><span class='ocrx_word' id='word_1_234' title='bbox 37 1720 314 1770; x_wconf 86' lang='lat' dir='ltr'><strong>salventur:</strong></span> <span class='ocrx_word' id='word_1_235' title='bbox 348 1721 482 1773; x_wconf 87' lang='lat' dir='ltr'><strong>filios</strong></span> <span class='ocrx_word' id='word_1_236' title='bbox 510 1737 621 1770; x_wconf 91' lang='lat' dir='ltr'><strong>non</strong></span> <span class='ocrx_word' id='word_1_237' title='bbox 644 1722 948 1784; x_wconf 87' lang='lat' dir='ltr'><strong>agnoscunt,</strong></span> <span class='ocrx_word' id='word_1_238' title='bbox 970 1721 1058 1772; x_wconf 83' lang='lat' dir='ltr'><strong>nifi</strong></span> <span class='ocrx_word' id='word_1_239' title='bbox 1093 1724 1274 1789; x_wconf 86' lang='lat' dir='ltr'><strong>pariter</strong></span> <span class='ocrx_word' id='word_1_240' title='bbox 1306 1726 1580 1778; x_wconf 79' lang='lat' dir='ltr'><strong>crocitent,</strong></span> <span class='ocrx_word' id='word_1_241' title='bbox 1602 1727 1654 1774; x_wconf 68' lang='grc' dir='ltr'><strong>ὅς</strong></span> <span class='ocrx_word' id='word_1_242' title='bbox 1686 1738 1808 1773; x_wconf 87' lang='lat' dir='ltr'><strong>cum</strong></span> 
     </span>
     <span class='ocr_line' id='line_1_27' title="bbox 38 1781 1807 1851; baseline 0.001 -18"><span class='ocrx_word' id='word_1_243' title='bbox 38 1781 142 1833; x_wconf 63' lang='lat' dir='ltr'><strong>vita</strong></span> <span class='ocrx_word' id='word_1_244' title='bbox 161 1786 278 1834; x_wconf 90' lang='lat' dir='ltr'><strong>vitia</strong></span> <span class='ocrx_word' id='word_1_245' title='bbox 297 1799 510 1849; x_wconf 87' lang='lat' dir='ltr'><strong>quoque</strong></span> <span class='ocrx_word' id='word_1_246' title='bbox 542 1786 716 1849; x_wconf 88' lang='lat' dir='ltr'><strong>sugant</strong></span> <span class='ocrx_word' id='word_1_247' title='bbox 740 1784 976 1833; x_wconf 81' lang='lat' dir='ltr'><strong>haeredes.</strong></span> <span class='ocrx_word' id='word_1_248' title='bbox 1077 1788 1209 1836; x_wconf 92' lang='lat' dir='ltr'><strong>Non</strong></span> <span class='ocrx_word' id='word_1_249' title='bbox 1236 1787 1304 1835; x_wconf 89' lang='lat' dir='ltr'><strong>sat</strong></span> <span class='ocrx_word' id='word_1_250' title='bbox 1327 1784 1396 1835; x_wconf 87' lang='lat' dir='ltr'><strong>est</strong></span> <span class='ocrx_word' id='word_1_251' title='bbox 1428 1788 1519 1836; x_wconf 89' lang='lat' dir='ltr'><strong>illis</strong></span> <span class='ocrx_word' id='word_1_252' title='bbox 1550 1803 1712 1851; x_wconf 88' lang='lat' dir='ltr'><strong>prona</strong></span> <span class='ocrx_word' id='word_1_253' title='bbox 1743 1787 1807 1835; x_wconf 91' lang='lat' dir='ltr'><strong>ad</strong></span> 
     </span>
     <span class='ocr_line' id='line_1_28' title="bbox 37 1847 1807 1913; baseline 0.002 -18"><span class='ocrx_word' id='word_1_254' title='bbox 37 1849 298 1897; x_wconf 88' lang='lat' dir='ltr'><strong>interitum</strong></span> <span class='ocrx_word' id='word_1_255' title='bbox 318 1851 595 1907; x_wconf 87' lang='lat' dir='ltr'><strong>Juventus,</strong></span> <span class='ocrx_word' id='word_1_256' title='bbox 617 1848 977 1898; x_wconf 86' lang='lat' dir='ltr'><strong>Moderatores</strong></span> <span class='ocrx_word' id='word_1_257' title='bbox 1013 1847 1354 1904; x_wconf 88' lang='lat' dir='ltr'><strong>constituunt,</strong></span> <span class='ocrx_word' id='word_1_258' title='bbox 1385 1853 1474 1913; x_wconf 87' lang='lat' dir='ltr'><strong>qui</strong></span> <span class='ocrx_word' id='word_1_259' title='bbox 1505 1851 1807 1900; x_wconf 80' lang='lat' dir='ltr'><strong>Moderato-</strong></span> 
     </span>
     <span class='ocr_line' id='line_1_29' title="bbox 39 1911 1805 1977; baseline 0.001 -17"><span class='ocrx_word' id='word_1_260' title='bbox 39 1911 174 1961; x_wconf 85' lang='lat' dir='ltr'><strong>ribus</strong></span> <span class='ocrx_word' id='word_1_261' title='bbox 194 1925 425 1977; x_wconf 88' lang='lat' dir='ltr'><strong>egerent:</strong></span> <span class='ocrx_word' id='word_1_262' title='bbox 462 1913 848 1976; x_wconf 83' lang='lat' dir='ltr'><strong>immorigeros,</strong></span> <span class='ocrx_word' id='word_1_263' title='bbox 877 1924 931 1960; x_wconf 87' lang='lat' dir='ltr'><strong>ut</strong></span> <span class='ocrx_word' id='word_1_264' title='bbox 964 1912 1326 1965; x_wconf 88' lang='lat' dir='ltr'><strong>informando,</strong></span> <span class='ocrx_word' id='word_1_265' title='bbox 1354 1926 1597 1962; x_wconf 89' lang='lat' dir='ltr'><strong>natorum</strong></span> <span class='ocrx_word' id='word_1_266' title='bbox 1629 1928 1805 1963; x_wconf 87' lang='lat' dir='ltr'><strong>mores</strong></span> 
     </span>
     <span class='ocr_line' id='line_1_30' title="bbox 41 1971 1805 2042; baseline 0.001 -19"><span class='ocrx_word' id='word_1_267' title='bbox 41 1975 359 2024; x_wconf 87' lang='lat' dir='ltr'><strong>deforment:</strong></span> <span class='ocrx_word' id='word_1_268' title='bbox 398 1988 666 2040; x_wconf 88' lang='lat' dir='ltr'><strong>corruptos</strong></span> <span class='ocrx_word' id='word_1_269' title='bbox 683 2008 694 2029; x_wconf 85' lang='lat'><strong>,</strong></span> <span class='ocrx_word' id='word_1_270' title='bbox 712 1984 771 2023; x_wconf 83' lang='lat' dir='ltr'><strong>ut</strong></span> <span class='ocrx_word' id='word_1_271' title='bbox 791 1973 872 2032; x_wconf 87' lang='lat' dir='ltr'><strong>filij</strong></span> <span class='ocrx_word' id='word_1_272' title='bbox 907 1971 971 2024; x_wconf 76' lang='lat' dir='ltr'><strong>eo</strong></span> <span class='ocrx_word' id='word_1_273' title='bbox 1002 1974 1179 2023; x_wconf 78' lang='lat' dir='ltr'><strong>certius</strong></span> <span class='ocrx_word' id='word_1_274' title='bbox 1211 1989 1623 2042; x_wconf 88' lang='lat' dir='ltr'><strong>corrumpantur,</strong></span> <span class='ocrx_word' id='word_1_275' title='bbox 1648 1979 1696 2027; x_wconf 69' lang='grc' dir='ltr'>ἃ</span> <span class='ocrx_word' id='word_1_276' title='bbox 1722 1992 1805 2042; x_wconf 89' lang='lat' dir='ltr'><strong>pe-</strong></span> 
     </span>
     <span class='ocr_line' id='line_1_31' title="bbox 40 2037 1801 2105; baseline 0.001 -19"><span class='ocrx_word' id='word_1_277' title='bbox 40 2051 206 2086; x_wconf 87' lang='lat' dir='ltr'><strong>reant:</strong></span> <span class='ocrx_word' id='word_1_278' title='bbox 243 2052 396 2102; x_wconf 88' lang='lat' dir='ltr'><strong>atque</strong></span> <span class='ocrx_word' id='word_1_279' title='bbox 420 2052 475 2088; x_wconf 90' lang='lat' dir='ltr'><strong>ut</strong></span> <span class='ocrx_word' id='word_1_280' title='bbox 492 2037 752 2105; x_wconf 70' lang='lat' dir='ltr'><strong>pretiosius</strong></span> <span class='ocrx_word' id='word_1_281' title='bbox 784 2049 1022 2103; x_wconf 85' lang='lat' dir='ltr'><strong>pereant,</strong></span> <span class='ocrx_word' id='word_1_282' title='bbox 1056 2038 1257 2087; x_wconf 84' lang='lat' dir='ltr'><strong>solvunt</strong></span> <span class='ocrx_word' id='word_1_283' title='bbox 1286 2039 1488 2089; x_wconf 87' lang='lat' dir='ltr'><strong>liberale</strong></span> <span class='ocrx_word' id='word_1_284' title='bbox 1520 2042 1801 2094; x_wconf 86' lang='lat' dir='ltr'><strong>Minerval,</strong></span> 
     </span>
     <span class='ocr_line' id='line_1_32' title="bbox 40 2099 1804 2168; baseline 0.002 -18"><span class='ocrx_word' id='word_1_285' title='bbox 40 2102 132 2150; x_wconf 85' lang='lat' dir='ltr'><strong>illis</strong></span> <span class='ocrx_word' id='word_1_286' title='bbox 158 2099 289 2165; x_wconf 82' lang='lat' dir='ltr'><strong>ipsis,</strong></span> <span class='ocrx_word' id='word_1_287' title='bbox 311 2102 492 2168; x_wconf 88' lang='lat' dir='ltr'><strong>quibus</strong></span> <span class='ocrx_word' id='word_1_288' title='bbox 521 2101 685 2152; x_wconf 79' lang='lat' dir='ltr'><strong>utilius</strong></span> <span class='ocrx_word' id='word_1_289' title='bbox 711 2099 961 2151; x_wconf 78' lang='lat' dir='ltr'><strong>solvissent</strong></span> <span class='ocrx_word' id='word_1_290' title='bbox 983 2101 1191 2166; x_wconf 86' lang='lat' dir='ltr'><strong>duplex,</strong></span> <span class='ocrx_word' id='word_1_291' title='bbox 1214 2101 1249 2152; x_wconf 88' lang='lat' dir='ltr'><strong>fi</strong></span> <span class='ocrx_word' id='word_1_292' title='bbox 1269 2115 1417 2152; x_wconf 87' lang='lat' dir='ltr'><strong>natos</strong></span> <span class='ocrx_word' id='word_1_293' title='bbox 1446 2119 1710 2167; x_wconf 86' lang='lat' dir='ltr'><strong>nunquam</strong></span> <span class='ocrx_word' id='word_1_294' title='bbox 1732 2106 1804 2153; x_wconf 89' lang='lat' dir='ltr'><strong>in-</strong></span> 
     </span>
     <span class='ocr_line' id='line_1_33' title="bbox 42 2160 1803 2233; baseline 0.002 -21"><span class='ocrx_word' id='word_1_295' title='bbox 42 2161 317 2213; x_wconf 76' lang='lat' dir='ltr'><strong>stituissent.</strong></span> <span class='ocrx_word' id='word_1_296' title='bbox 419 2169 470 2215; x_wconf 92' lang='lat' dir='ltr'>O</span> <span class='ocrx_word' id='word_1_297' title='bbox 492 2168 751 2222; x_wconf 86' lang='lat' dir='ltr'><strong>Parentes,</strong></span> <span class='ocrx_word' id='word_1_298' title='bbox 773 2160 986 2214; x_wconf 77' lang='lat' dir='ltr'><strong>minime</strong></span> <span class='ocrx_word' id='word_1_299' title='bbox 1017 2167 1274 2222; x_wconf 89' lang='lat' dir='ltr'><strong>Parentes,</strong></span> <span class='ocrx_word' id='word_1_300' title='bbox 1299 2167 1382 2216; x_wconf 91' lang='lat' dir='ltr'><strong>sed</strong></span> <span class='ocrx_word' id='word_1_301' title='bbox 1408 2166 1575 2233; x_wconf 78' lang='lat' dir='ltr'><strong>potius</strong></span> <span class='ocrx_word' id='word_1_302' title='bbox 1610 2179 1803 2216; x_wconf 85' lang='lat' dir='ltr'><strong>tutores</strong></span> 
     </span>
     <span class='ocr_line' id='line_1_34' title="bbox 41 2224 1803 2295; baseline 0.001 -17"><span class='ocrx_word' id='word_1_303' title='bbox 41 2224 301 2278; x_wconf 86' lang='lat' dir='ltr'><strong>constituti</strong></span> <span class='ocrx_word' id='word_1_304' title='bbox 322 2227 385 2277; x_wconf 89' lang='lat' dir='ltr'><strong>ab</strong></span> <span class='ocrx_word' id='word_1_305' title='bbox 409 2245 564 2279; x_wconf 86' lang='lat' dir='ltr'><strong>orco:</strong></span> <span class='ocrx_word' id='word_1_306' title='bbox 601 2230 683 2279; x_wconf 90' lang='lat' dir='ltr'><strong>sed</strong></span> <span class='ocrx_word' id='word_1_307' title='bbox 707 2228 876 2295; x_wconf 76' lang='lat' dir='ltr'><strong>potius</strong></span> <span class='ocrx_word' id='word_1_308' title='bbox 897 2229 1109 2286; x_wconf 76' lang='lat' dir='ltr'><strong>nutritii,</strong></span> <span class='ocrx_word' id='word_1_309' title='bbox 1131 2228 1159 2278; x_wconf 74' lang='lat' dir='ltr'><strong>a</strong></span> <span class='ocrx_word' id='word_1_310' title='bbox 1182 2231 1411 2282; x_wconf 90' lang='lat' dir='ltr'><strong>Diabolo</strong></span> <span class='ocrx_word' id='word_1_311' title='bbox 1432 2231 1659 2295; x_wconf 88' lang='lat' dir='ltr'><strong>delegati,</strong></span> <span class='ocrx_word' id='word_1_312' title='bbox 1673 2246 1803 2294; x_wconf 85' lang='lat' dir='ltr'><strong>quo-</strong></span> 
     </span>
     <span class='ocr_line' id='line_1_35' title="bbox 42 2290 1800 2360; baseline 0.001 -20"><span class='ocrx_word' id='word_1_313' title='bbox 42 2308 159 2340; x_wconf 86' lang='lat' dir='ltr'><strong>rum</strong></span> <span class='ocrx_word' id='word_1_314' title='bbox 179 2290 287 2349; x_wconf 77' lang='lat' dir='ltr'><strong>filiis</strong></span> <span class='ocrx_word' id='word_1_315' title='bbox 307 2292 431 2341; x_wconf 89' lang='lat' dir='ltr'><strong>illud</strong></span> <span class='ocrx_word' id='word_1_316' title='bbox 456 2308 690 2360; x_wconf 88' lang='lat' dir='ltr'><strong>oggeras:</strong></span> <span class='ocrx_word' id='word_1_317' title='bbox 726 2309 805 2339; x_wconf 86' lang='lat' dir='ltr'><strong>vos</strong></span> <span class='ocrx_word' id='word_1_318' title='bbox 824 2309 877 2338; x_wconf 70' lang='lat' dir='ltr'><strong>ex</strong></span> <span class='ocrx_word' id='word_1_319' title='bbox 896 2298 1035 2338; x_wconf 79' lang='lat' dir='ltr'><strong>Patre</strong></span> <span class='ocrx_word' id='word_1_320' title='bbox 1054 2291 1243 2341; x_wconf 79' lang='lat' dir='ltr'><strong>Diabolo</strong></span> <span class='ocrx_word' id='word_1_321' title='bbox 1266 2294 1370 2349; x_wconf 78' lang='lat' dir='ltr'><strong>estis.</strong></span> <span class='ocrx_word' id='word_1_322' title='bbox 1475 2296 1527 2344; x_wconf 92' lang='lat' dir='ltr'>O</span> <span class='ocrx_word' id='word_1_323' title='bbox 1549 2297 1800 2348; x_wconf 85' lang='lat' dir='ltr'><strong>Parentes,</strong></span> 
     </span>
     <span class='ocr_line' id='line_1_36' title="bbox 43 2352 1803 2418; baseline 0.001 -13"><span class='ocrx_word' id='word_1_324' title='bbox 43 2352 164 2405; x_wconf 78' lang='lat' dir='ltr'><strong>vere</strong></span> <span class='ocrx_word' id='word_1_325' title='bbox 185 2356 363 2404; x_wconf 91' lang='lat' dir='ltr'><strong>locum</strong></span> <span class='ocrx_word' id='word_1_326' title='bbox 382 2368 608 2405; x_wconf 88' lang='lat' dir='ltr'><strong>tenentes</strong></span> <span class='ocrx_word' id='word_1_327' title='bbox 630 2358 776 2411; x_wconf 86' lang='lat' dir='ltr'><strong>illius,</strong></span> <span class='ocrx_word' id='word_1_328' title='bbox 789 2357 876 2418; x_wconf 88' lang='lat' dir='ltr'><strong>qui</strong></span> <span class='ocrx_word' id='word_1_329' title='bbox 901 2355 1161 2405; x_wconf 85' lang='lat' dir='ltr'><strong>homicida</strong></span> <span class='ocrx_word' id='word_1_330' title='bbox 1180 2357 1275 2407; x_wconf 90' lang='lat' dir='ltr'><strong>fuit</strong></span> <span class='ocrx_word' id='word_1_331' title='bbox 1286 2359 1385 2415; x_wconf 80' lang='lat' dir='ltr'><strong>jam</strong></span> <span class='ocrx_word' id='word_1_332' title='bbox 1405 2358 1467 2407; x_wconf 91' lang='lat' dir='ltr'><strong>ab</strong></span> <span class='ocrx_word' id='word_1_333' title='bbox 1485 2360 1630 2406; x_wconf 90' lang='lat' dir='ltr'><strong>initio</strong></span> <span class='ocrx_word' id='word_1_334' title='bbox 1649 2375 1658 2405; x_wconf 87' lang='lat'>:</span> <span class='ocrx_word' id='word_1_335' title='bbox 1679 2373 1803 2407; x_wconf 87' lang='lat' dir='ltr'><strong>nam</strong></span> 
     </span>
     <span class='ocr_line' id='line_1_37' title="bbox 43 2416 1802 2483; baseline 0.002 -18"><span class='ocrx_word' id='word_1_336' title='bbox 43 2419 252 2483; x_wconf 88' lang='lat' dir='ltr'><strong>ipsemet</strong></span> <span class='ocrx_word' id='word_1_337' title='bbox 281 2418 316 2467; x_wconf 81' lang='lat' dir='ltr'><strong>si</strong></span> <span class='ocrx_word' id='word_1_338' title='bbox 341 2419 554 2469; x_wconf 89' lang='lat' dir='ltr'><strong>educare</strong></span> <span class='ocrx_word' id='word_1_339' title='bbox 585 2421 737 2471; x_wconf 85' lang='lat' dir='ltr'><strong>vellet</strong></span> <span class='ocrx_word' id='word_1_340' title='bbox 772 2419 903 2469; x_wconf 87' lang='lat' dir='ltr'><strong>filios</strong></span> <span class='ocrx_word' id='word_1_341' title='bbox 934 2416 1123 2469; x_wconf 87' lang='lat' dir='ltr'><strong>vestros</strong></span> <span class='ocrx_word' id='word_1_342' title='bbox 1144 2453 1157 2474; x_wconf 90' lang='lat'><strong>,</strong></span> <span class='ocrx_word' id='word_1_343' title='bbox 1190 2418 1432 2471; x_wconf 75' lang='lat' dir='ltr'><strong>scelestius</strong></span> <span class='ocrx_word' id='word_1_344' title='bbox 1465 2421 1679 2470; x_wconf 86' lang='lat' dir='ltr'><strong>educare</strong></span> <span class='ocrx_word' id='word_1_345' title='bbox 1706 2435 1802 2469; x_wconf 88' lang='lat' dir='ltr'><strong>nee</strong></span> 
     </span>
    </p>
   </div>
   <div class='ocr_carea' id='block_1_3' title="bbox 40 2482 1796 2598">
    <p class='ocr_par' dir='ltr' id='par_1_3' title="bbox 40 2482 1796 2598">
     <span class='ocr_line' id='line_1_38' title="bbox 40 2482 1796 2598; baseline -0.001 -66"><span class='ocrx_word' id='word_1_346' title='bbox 40 2482 221 2539; x_wconf 86' lang='lat' dir='ltr'><strong>vellet,</strong></span> <span class='ocrx_word' id='word_1_347' title='bbox 247 2498 345 2534; x_wconf 87' lang='lat' dir='ltr'><strong>nec</strong></span> <span class='ocrx_word' id='word_1_348' title='bbox 375 2482 566 2551; x_wconf 58' lang='lat' dir='ltr'><strong>possem</strong></span> <span class='ocrx_word' id='word_1_349' title='bbox 605 2483 854 2535; x_wconf 79' lang='lat' dir='ltr'><strong>crudelius</strong></span> <span class='ocrx_word' id='word_1_350' title='bbox 892 2498 1100 2598; x_wconf 46' lang='lat' dir='ltr'><strong>{pecare</strong></span> <span class='ocrx_word' id='word_1_351' title='bbox 1135 2484 1220 2538; x_wconf 79' lang='lat' dir='ltr'><strong>etsi</strong></span> <span class='ocrx_word' id='word_1_352' title='bbox 1253 2486 1404 2537; x_wconf 82' lang='lat' dir='ltr'><strong>vellet</strong></span> <span class='ocrx_word' id='word_1_353' title='bbox 1428 2520 1445 2542; x_wconf 69' lang='lat'>2</span> <span class='ocrx_word' id='word_1_354' title='bbox 1470 2501 1581 2536; x_wconf 89' lang='lat' dir='ltr'><strong>non</strong></span> <span class='ocrx_word' id='word_1_355' title='bbox 1621 2482 1796 2598; x_wconf 52' lang='lat' dir='ltr'><strong>fgolget.</strong></span> 
     </span>
     <span class='ocr_line' id='line_1_39' title="bbox 1675 2562 1699 2595; baseline 0 0"><span class='ocrx_word' id='word_1_356' title='bbox 1675 2562 1699 2595; x_wconf 88' lang='lat' dir='ltr'><strong>e</strong></span> 
     </span>
    </p>
   </div>
  </div>
 </body>
</html>
