2177 2905
682 86 920 138 Academia
950 92 1200 140 Brutorum.
1664 104 1683 137 1
1696 102 1720 134 2
1728 102 1748 148 3

70 193 209 246 gano
230 181 364 230 virus
387 173 649 230 inimicum
684 179 955 244 depellunt.
1057 182 1299 230 Exercent
1329 178 1573 234 bufones,
1608 181 1692 242 qui
1717 179 1815 229 iali-

75 240 169 296 νὰς
192 240 444 297 Mustelae,
465 258 573 305 quae
597 240 709 292 ruta
736 247 781 291 se
807 243 868 292 ad
890 242 1112 307 praelium
1139 256 1350 291 armant.
1451 244 1552 292 Sibi
1572 243 1819 306 applicant

74 322 223 355 canes
236 339 249 360 ,
268 320 386 356 cum
402 302 634 361 aestuante
658 305 754 355 bile
775 303 898 355 nota
918 304 1070 354 herba
1092 305 1178 354 fibi
1192 309 1447 354 vomitum
1463 319 1655 354 creant:
1693 304 1818 359 Urfi,

74 369 199 418 dum
219 365 443 417 comesta
455 365 590 416 forte
602 369 936 432 mandragora
958 368 1287 417 formicarum
1312 370 1391 416 esu
1410 370 1455 416 se
1478 370 1520 416 se
1545 365 1819 417 restituunt:

75 429 187 481 imo
210 427 757 495 stupidiffimiArcadiae
778 433 1030 487 clitellarii,
1052 433 1174 481 dum
1198 444 1299 479 atra
1321 432 1416 479 bile
1438 432 1718 479 laborantes
1738 447 1824 479 co-

78 494 293 544 medunt
314 493 549 557 asplenon
566 526 580 547 ,
602 489 878 558 splenisque
911 493 1090 543 finiunt
1112 507 1387 543 tumorem.
1488 495 1622 542 Sileo
1641 495 1825 550 Pefiato-

77 559 216 607 riam‚
240 571 394 618 quam
423 556 599 606 callida
626 571 819 605 exercet
852 558 1049 621 vulpes,
1076 557 1200 605 dum
1213 555 1372 605 caud&
1397 557 1540 605 undis
1560 554 1824 611 immersa,

75 618 434 668 admordentes
458 635 691 672 cancros,
712 617 1061 683 pisciculosve,
1082 621 1259 669 villoso
1273 621 1424 669 veluti
1448 620 1623 672 hamo,
1653 623 1703 668 in
1726 634 1828 666 cre-

77 681 301 747 pidinem
323 682 466 739 ejicit.
567 683 695 731 Non
723 698 1091 731 commemoro
1115 684 1414 732 Venatoriam‚
1438 698 1591 744 quam
1606 680 1825 735 norunt,

77 745 142 792 ad
165 746 337 793 Dianae
360 746 554 795 delicias
567 747 792 810 prompti
815 745 1005 809 semper
1023 747 1288 794 latrantum
1303 747 1566 809 manipuli:
1605 761 1712 793 non
1733 747 1829 792 Au-

78 810 369 867 cupatoriam,
394 810 530 864 cujus
551 810 800 872 specimen
830 810 1048 873 praebent
1070 809 1306 861 Araneae,
1331 809 1456 856 dum
1479 805 1646 856 musca
1669 810 1718 855 in
1751 822 1829 855 ex-

78 870 244 918 tensos
264 869 409 918 cass'es
426 867 710 935 improvide
729 872 1004 923 incidente,
1026 887 1147 921 mox
1170 887 1226 919 cx
1245 870 1438 926 insidiis,
1464 883 1737 935 proruunt,
1756 885 1830 917 re-

81 932 210 980 tibus
229 945 425 995 captam
454 935 748 984 involvunt,
772 934 1054 982 involutam
1078 947 1285 985 necant,
1309 934 1536 982 enectam
1561 932 1828 986 aufferunt,

79 997 132 1045 &
152 995 237 1043 ubi
267 996 459 1044 suaserit
495 997 676 1048 fames,
721 994 1062 1059 depascuntur.
1160 998 1217 1045 Id
1243 996 1433 1045 filentio
1466 998 1707 1060 praeterire
1729 994 1832 1044 fine

80 1058 255 1113 injuria
278 1059 569 1107 animalium
589 1073 792 1120 nequeo
808 1091 819 1109 ,
839 1057 982 1120 quod
1007 1062 1052 1108 §z
1075 1059 1309 1124 homines
1335 1059 1395 1107 ab
1415 1061 1504 1108 illis
1523 1060 1702 1108 discere
1722 1073 1832 1108 non

83 1121 387 1169 erubuerint.
458 1122 746 1170 Palamedes
770 1118 903 1168 certe
928 1127 1267 1168 Grammatzcam
1284 1122 1309 1170 a
1326 1122 1530 1171 Cadmo
1551 1124 1828 1175 inventam,

83 1184 132 1232 V
157 1187 207 1233 &
229 1187 272 1234 Y
293 1185 461 1232 litteris
474 1186 628 1238 auxit,
646 1199 703 1230 ex
730 1184 930 1232 Gruum
955 1186 1156 1239 volatu,
1180 1201 1285 1247 quo
1307 1197 1386 1245 per
1407 1184 1553 1231 nubila
1572 1188 1739 1231 texitur
1755 1185 1832 1231 alis
1858 1186 2072 1247 Claud.l.7
2106 1222 2109 1224 -

87 1247 265 1300 littera,
282 1246 596 1309 pennarumque
621 1250 729 1292 notis
758 1246 1000 1304 inst-ribam·
1023 1255 1111 1295 ae'r.
1197 1251 1324 1298 Non
1347 1264 1502 1312 pauca
1532 1251 1741 1294 Botanicae
1764 1263 1836 1296 ar-

82 1325 208 1358 cana
227 1309 254 1358 ὲ
277 1312 434 1359 Brutis
455 1309 672 1360 didicisse
703 1309 920 1358 fatentur
942 1311 1156 1359 Medici:
1195 1311 1257 1359 ab
1281 1313 1669 1375 I-Iippopotamo
1699 1309 1837 1375 phle-

87 1372 378 1422 botomiam
421 1406 433 1427 ,
497 1373 558 1421 ab
604 1372 728 1421 llide
765 1370 984 1436 clysteria
1025 1374 1072 1422 se
1124 1375 1417 1437 cognovisse
1464 1374 1676 1437 chirurgi
1725 1372 1840 1422 affe-

86 1449 228 1485 runt:
264 1435 350 1500 ipsi
368 1435 679 1486 Architalaili
705 1440 843 1484 navis
866 1436 1093 1499 regendae
1119 1438 1299 1486 Artem
1323 1437 1351 1484 a
1371 1438 1549 1490 milvo,
1571 1436 1699 1484 flexu
1723 1452 1837 1485 cau-

89 1499 161 1547 dae
185 1502 275 1547 itcr
298 1499 440 1547 suum
460 1515 547 1563 per
576 1502 688 1547 aera
714 1499 981 1561 dirigente,
1006 1498 1221 1548 didicisse
1254 1499 1300 1547 se
1327 1501 1629 1564 gloriantur,
1652 1499 1835 1545 Natura}
1862 1499 1915 1546 L.
1943 1512 2025 1548 10.

83 1560 422 1622 praemonstrante
443 1566 486 1607 in
505 1569 625 1614 aere,
646 1563 746 1624 qnid
766 1565 810 1607 in
828 1577 938 1624 aqua
945 1560 1049 1619 fieri
1069 1574 1278 1621 oporteat,
1306 1566 1375 1611 uti
1390 1564 1613 1625 loquitur
1635 1563 1834 1616 Plinius,
1861 1580 1897 1610 c,
1923 1575 1994 1609 10.

90 1626 295 1675 Naturae
317 1626 520 1674 celebris
536 1621 891 1673 Encomiastes.
958 1626 1113 1672 MEL:
1184 1625 1399 1674 Plinium
1420 1628 1622 1675 Naturae
1638 1657 1650 1679 ,
1671 1637 1719 1672 te
1739 1627 1839 1675 ani-

89 1688 302 1737 malium
327 1688 508 1752 probas
530 1666 1064 1749 Enconiiaste11:⁶quid
1095 1685 1335 1751 superest?
1371 1687 1457 1736 niti
1491 1701 1544 1736 ut
1576 1691 1763 1737 auritos
1793 1704 1841 1736 e-

91 1751 214 1798 tiam
236 1750 458 1799 Arcades
480 1750 719 1814 epomide
742 1765 889 1798 ornes
905 1782 918 1803 ,
942 1766 997 1798 ac
1021 1752 1070 1798 in
1092 1751 1428 1800 Academiam
1442 1752 1733 1803 Brutorum,
1749 1750 1842 1800 ho-

94 1817 252 1861 mines
276 1814 577 1861 erudiendos
600 1815 791 1861 invites.
857 1814 959 1861 Sed
984 1813 1162 1862 falleris
1178 1846 1190 1866 ,
1212 1814 1312 1862 alio
1339 1816 1642 1876 argumentis
1663 1813 1735 1862 his
1755 1829 1840 1863 na-

95 1876 230 1936 vigas
251 1906 264 1926 ,
296 1874 570 1935 quamquo
605 1875 714 1922 vela
739 1875 968 1922 intendis.
1046 1877 1195 1923 Bruta
1227 1890 1370 1937 agere
1389 1876 1616 1930 secundam
1639 1881 1838 1931 Artem,

96 1934 589 1997 concedimus,quod
601 1947 748 1998 agant
767 1951 822 1980 ex
837 1938 967 1984 Arte,
983 1951 1238 1999 negamus,
1252 1940 1300 1985 <Sc
1321 1952 1666 2000 pernegamus.
1735 1940 1838 1989 Ars

98 2001 234 2047 enim
251 2031 263 2051 ,
283 1997 317 2046 si
336 1998 627 2046 Dostorum
647 1997 852 2060 Angelo
881 1997 1155 2051 credimus,
1180 1996 1246 2046 est
1267 2001 1476 2046 ordinatio
1509 2004 1687 2046 ratioms
1716 2003 1769 2047 ad
1780 2001 1837 2060 fi-
1870 2018 1876 2023 ·
1903 2022 1906 2025 *

97 2077 215 2108 nem.-
253 2063 362 2123 quis
385 2073 554 2109 autem
575 2061 733 2108 Brutis
758 2059 1055 2114 adjudicabit
1078 2063 1282 2110 rationis
1311 2062 1590 2111 distamen?
1625 2065 1733 2125 quis
1754 2080 1843 2113 co-

96 2125 380 2190 gnitionem
399 2123 461 2171 ad
484 2123 673 2186 regulas
699 2135 886 2170 certam
903 2155 915 2176 ,
952 2127 1000 2172 vi
1029 2123 1163 2179 cujus
1185 2123 1400 2172 efficiant
1420 2141 1548 2189 opus
1571 2127 1689 2174 utile
1709 2127 1770 2175 ad
1789 2127 1845 2176 fi-

99 2203 221 2237 nem
244 2186 531 2235 intentum?
566 2201 723 2234 nemo
745 2185 936 2238 hercle,
969 2184 1054 2234 nisi
1085 2187 1269 2235 Circeis
1286 2184 1526 2251 praestigiis
1547 2190 1596 2236 in
1629 2189 1843 2238 Brutum

101 2249 295 2318 penitus
318 2245 640 2312 degenerarit.
708 2248 885 2311 Agunt
908 2251 1054 2311 igitur
1066 2249 1289 2306 sttundzim
1319 2253 1476 2296 Artem
1491 2287 1503 2301 ‚
1526 2249 1756 2314 opusque
1776 2253 1847 2302 ef.

102 2316 276 2365 ficiunt
291 2345 303 2365 ,
326 2324 435 2360 utut
455 2311 726 2359 conforme
748 2311 942 2374 regulis,
965 2326 1073 2359 non
1091 2307 1261 2361 tamen
1284 2312 1598 2383 elaboratum
1621 2315 1684 2363 ad
1704 2331 1848 2380 regu-

102 2380 189 2429 las.
258 2375 408 2424 Casus
429 2370 522 2427 est,
553 2374 785 2422 naturalis
809 2370 1060 2423 instinstus
1074 2407 1086 2428 ‚
1104 2374 1203 2423 five
1224 2374 1475 2424 neceffita's
1489 2409 1502 2430 ,
1523 2392 1632 2439 quae
1655 2378 1837 2427 Artem

107 2445 156 2491 ὅ(
177 2439 413 2490 imitatur,
432 2439 481 2487 ὅ(
501 2437 621 2501 saepc
640 2438 789 2485 etiam
813 2437 1026 2500 superat:
1043 2436 1106 2486 sic
1125 2440 1283 2487 Proto
1320 2454 1436 2487 enes
1455 2439 1517 2487 de
1529 2442 1657 2488 Arte
1679 2455 1841 2502 quon-
1869 2437 2082 2492 Plin.l.n

108 2504 227 2555 dam
261 2500 542 2567 desperans,
562 2514 662 2564 qua
689 2499 918 2566 spumam
950 2498 1222 2555 anhelantis
1315 2500 1462 2558 oloffi
1485 2498 1662 2555 frustra
1691 2505 1844 2566 expri-
1866 2516 1902 2549 c.
1911 2517 1960 2564 9.

922 2563 1038 2634 Qz
1643 2579 1783 2616 mere
