<?xml version="1.0" encoding="UTF-8"?>
<!DOCTYPE html PUBLIC "-//W3C//DTD XHTML 1.0 Transitional//EN"
    "http://www.w3.org/TR/xhtml1/DTD/xhtml1-transitional.dtd">
<html xmlns="http://www.w3.org/1999/xhtml" xml:lang="en" lang="en">
 <head>
  <title>
</title>
<meta http-equiv="Content-Type" content="text/html;charset=utf-8" />
  <meta name='ocr-system' content='tesseract 3.04.00' />
  <meta name='ocr-capabilities' content='ocr_page ocr_carea ocr_par ocr_line ocrx_word'/>
</head>
<body>
  <div class='ocr_page' id='page_1' title='image "./peripateticusnos00sch_0034.png"; bbox 0 0 2222 2905; ppageno 0'>
   <div class='ocr_carea' id='block_1_1' title="bbox 364 93 1546 165">
    <p class='ocr_par' dir='ltr' id='par_1_1' title="bbox 364 93 1546 165">
     <span class='ocr_line' id='line_1_1' title="bbox 364 93 1546 165; baseline 0.013 -27"><span class='ocrx_word' id='word_1_1' title='bbox 364 94 429 152; x_wconf 66' lang='lat'><strong>‘1&#39;4</strong></span> <span class='ocrx_word' id='word_1_2' title='bbox 880 93 1153 158; x_wconf 65' lang='lat' dir='ltr'><strong>Maufiilaeum</strong></span> <span class='ocrx_word' id='word_1_3' title='bbox 1184 98 1546 165; x_wconf 58' lang='lat' dir='ltr'><strong>Peripateticum</strong></span> 
     </span>
    </p>
   </div>
   <div class='ocr_carea' id='block_1_2' title="bbox 286 186 2084 2430">
    <p class='ocr_par' dir='ltr' id='par_1_2' title="bbox 286 186 2082 745">
     <span class='ocr_line' id='line_1_2' title="bbox 293 186 2081 262; baseline 0.011 -26"><span class='ocrx_word' id='word_1_4' title='bbox 293 196 407 237; x_wconf 72' lang='lat' dir='ltr'><strong>tam</strong></span> <span class='ocrx_word' id='word_1_5' title='bbox 427 186 685 255; x_wconf 89' lang='lat' dir='ltr'>copiosos,</span> <span class='ocrx_word' id='word_1_6' title='bbox 706 196 762 241; x_wconf 79' lang='lat' dir='ltr'><strong>ut</strong></span> <span class='ocrx_word' id='word_1_7' title='bbox 781 189 1043 244; x_wconf 80' lang='lat' dir='ltr'><strong>affluerent</strong></span> <span class='ocrx_word' id='word_1_8' title='bbox 1064 196 1271 262; x_wconf 83' lang='lat' dir='ltr'><strong>opibus:</strong></span> <span class='ocrx_word' id='word_1_9' title='bbox 1308 212 1416 250; x_wconf 86' lang='lat' dir='ltr'><strong>tam</strong></span> <span class='ocrx_word' id='word_1_10' title='bbox 1450 195 1587 252; x_wconf 66' lang='lat' dir='ltr'><strong>fama</strong></span> <span class='ocrx_word' id='word_1_11' title='bbox 1610 196 1828 255; x_wconf 75' lang='lat' dir='ltr'><strong>celebres</strong></span> <span class='ocrx_word' id='word_1_12' title='bbox 1850 237 1864 256; x_wconf 82' lang='lat'>,</span> <span class='ocrx_word' id='word_1_13' title='bbox 1900 212 1956 255; x_wconf 87' lang='lat' dir='ltr'><strong>ut</strong></span> <span class='ocrx_word' id='word_1_14' title='bbox 1977 213 2081 256; x_wconf 84' lang='lat' dir='ltr'><strong>arte</strong></span> 
     </span>
     <span class='ocr_line' id='line_1_3' title="bbox 297 251 2082 329; baseline 0.011 -30"><span class='ocrx_word' id='word_1_15' title='bbox 297 251 498 302; x_wconf 82' lang='lat' dir='ltr'>medica</span> <span class='ocrx_word' id='word_1_16' title='bbox 522 253 787 324; x_wconf 66' lang='lat' dir='ltr'><strong>florerent,</strong></span> <span class='ocrx_word' id='word_1_17' title='bbox 826 257 1126 309; x_wconf 88' lang='lat' dir='ltr'>Machaonis</span> <span class='ocrx_word' id='word_1_18' title='bbox 1148 261 1181 310; x_wconf 82' lang='lat' dir='ltr'><strong>si</strong></span> <span class='ocrx_word' id='word_1_19' title='bbox 1204 279 1315 313; x_wconf 90' lang='lat' dir='ltr'><strong>non</strong></span> <span class='ocrx_word' id='word_1_20' title='bbox 1339 268 1532 329; x_wconf 83' lang='lat' dir='ltr'>agnati,</span> <span class='ocrx_word' id='word_1_21' title='bbox 1568 263 1702 317; x_wconf 77' lang='lat' dir='ltr'><strong>certe</strong></span> <span class='ocrx_word' id='word_1_22' title='bbox 1723 268 1914 318; x_wconf 86' lang='lat' dir='ltr'><strong>aemuli:</strong></span> <span class='ocrx_word' id='word_1_23' title='bbox 1959 268 2082 319; x_wconf 83' lang='lat' dir='ltr'>hinc</span> 
     </span>
     <span class='ocr_line' id='line_1_4' title="bbox 298 312 2079 392; baseline 0.01 -31"><span class='ocrx_word' id='word_1_24' title='bbox 298 312 396 380; x_wconf 66' lang='grc' dir='ltr'><strong>είὶ,</strong></span> <span class='ocrx_word' id='word_1_25' title='bbox 417 328 474 367; x_wconf 81' lang='lat' dir='ltr'><strong>ut</strong></span> <span class='ocrx_word' id='word_1_26' title='bbox 497 319 546 366; x_wconf 82' lang='lat'>&amp;</span> <span class='ocrx_word' id='word_1_27' title='bbox 574 318 701 367; x_wconf 76' lang='lat' dir='ltr'>tilius</span> <span class='ocrx_word' id='word_1_28' title='bbox 726 319 975 370; x_wconf 84' lang='lat' dir='ltr'><strong>elementa</strong></span> <span class='ocrx_word' id='word_1_29' title='bbox 999 323 1135 373; x_wconf 87' lang='lat' dir='ltr'>Artis</span> <span class='ocrx_word' id='word_1_30' title='bbox 1158 329 1428 392; x_wconf 87' lang='lat' dir='ltr'><strong>acciperet,</strong></span> <span class='ocrx_word' id='word_1_31' title='bbox 1454 330 1617 379; x_wconf 88' lang='lat' dir='ltr'><strong>dicere</strong></span> <span class='ocrx_word' id='word_1_32' title='bbox 1636 331 1829 382; x_wconf 84' lang='lat' dir='ltr'>solitus:</span> <span class='ocrx_word' id='word_1_33' title='bbox 1880 334 2079 379; x_wconf 76' lang='lat' dir='ltr'>Medicws</span> 
     </span>
     <span class='ocr_line' id='line_1_5' title="bbox 286 378 2082 448; baseline 0.009 -20"><span class='ocrx_word' id='word_1_34' title='bbox 286 378 384 436; x_wconf 78' lang='lat' dir='ltr'><strong>sum</strong></span> <span class='ocrx_word' id='word_1_35' title='bbox 398 415 410 429; x_wconf 91' lang='lat'><em>‚</em></span> <span class='ocrx_word' id='word_1_36' title='bbox 432 391 481 425; x_wconf 73' lang='lat' dir='ltr'><strong>nt</strong></span> <span class='ocrx_word' id='word_1_37' title='bbox 509 382 565 427; x_wconf 54' lang='grc' dir='ltr'><strong>(Τ</strong></span> <span class='ocrx_word' id='word_1_38' title='bbox 583 385 728 429; x_wconf 65' lang='lat' dir='ltr'>amicis</span> <span class='ocrx_word' id='word_1_39' title='bbox 752 387 854 430; x_wconf 67' lang='lat' dir='ltr'><strong>meis</strong></span> <span class='ocrx_word' id='word_1_40' title='bbox 866 384 1051 445; x_wconf 73' lang='lat' dir='ltr'><strong>prodeffi·</strong></span> <span class='ocrx_word' id='word_1_41' title='bbox 1068 389 1228 448; x_wconf 60' lang='lat' dir='ltr'>pristim,</span> <span class='ocrx_word' id='word_1_42' title='bbox 1308 392 1466 441; x_wconf 86' lang='lat' dir='ltr'><strong>Subin</strong></span> <span class='ocrx_word' id='word_1_43' title='bbox 1492 396 1656 443; x_wconf 82' lang='lat' dir='ltr'><strong>varios</strong></span> <span class='ocrx_word' id='word_1_44' title='bbox 1668 394 1780 446; x_wconf 85' lang='lat' dir='ltr'><strong>lufit</strong></span> <span class='ocrx_word' id='word_1_45' title='bbox 1806 394 1935 445; x_wconf 88' lang='lat' dir='ltr'><strong>lusus</strong></span> <span class='ocrx_word' id='word_1_46' title='bbox 1957 409 2082 445; x_wconf 91' lang='lat' dir='ltr'><strong>cum</strong></span> 
     </span>
     <span class='ocr_line' id='line_1_6' title="bbox 299 438 2080 513; baseline 0.011 -25"><span class='ocrx_word' id='word_1_47' title='bbox 299 438 573 491; x_wconf 87' lang='lat' dir='ltr'><strong>Aristotele</strong></span> <span class='ocrx_word' id='word_1_48' title='bbox 602 445 822 495; x_wconf 84' lang='lat' dir='ltr'><strong>fortuna.</strong></span> <span class='ocrx_word' id='word_1_49' title='bbox 923 449 1155 500; x_wconf 85' lang='lat' dir='ltr'><strong>Primum</strong></span> <span class='ocrx_word' id='word_1_50' title='bbox 1184 453 1395 510; x_wconf 71' lang='lat' dir='ltr'><strong>juventae</strong></span> <span class='ocrx_word' id='word_1_51' title='bbox 1429 455 1612 505; x_wconf 80' lang='lat' dir='ltr'><strong>florem</strong></span> <span class='ocrx_word' id='word_1_52' title='bbox 1630 490 1643 511; x_wconf 84' lang='lat'>‚</span> <span class='ocrx_word' id='word_1_53' title='bbox 1674 457 1730 508; x_wconf 76' lang='lat' dir='ltr'><strong>ut</strong></span> <span class='ocrx_word' id='word_1_54' title='bbox 1758 457 1885 508; x_wconf 92' lang='lat' dir='ltr'><strong>solet</strong></span> <span class='ocrx_word' id='word_1_55' title='bbox 1908 491 1922 513; x_wconf 92' lang='lat'>‚</span> <span class='ocrx_word' id='word_1_56' title='bbox 1950 460 2080 508; x_wconf 84' lang='lat' dir='ltr'><strong>inter</strong></span> 
     </span>
     <span class='ocr_line' id='line_1_7' title="bbox 299 505 2079 588; baseline 0.009 -34"><span class='ocrx_word' id='word_1_57' title='bbox 299 505 582 570; x_wconf 72' lang='lat' dir='ltr'><strong>voluptates</strong></span> <span class='ocrx_word' id='word_1_58' title='bbox 602 511 785 558; x_wconf 80' lang='lat' dir='ltr'>attrivit</span> <span class='ocrx_word' id='word_1_59' title='bbox 799 543 810 564; x_wconf 86' lang='lat'>,</span> <span class='ocrx_word' id='word_1_60' title='bbox 831 513 1119 575; x_wconf 81' lang='lat' dir='ltr'>patrimonii</span> <span class='ocrx_word' id='word_1_61' title='bbox 1142 515 1240 580; x_wconf 88' lang='lat' dir='ltr'><strong>spes</strong></span> <span class='ocrx_word' id='word_1_62' title='bbox 1263 521 1392 568; x_wconf 89' lang='lat' dir='ltr'><strong>inter</strong></span> <span class='ocrx_word' id='word_1_63' title='bbox 1416 521 1581 586; x_wconf 84' lang='lat' dir='ltr'><strong>epulas</strong></span> <span class='ocrx_word' id='word_1_64' title='bbox 1604 520 1822 577; x_wconf 81' lang='lat' dir='ltr'><strong>decoxit,</strong></span> <span class='ocrx_word' id='word_1_65' title='bbox 1841 520 2079 588; x_wconf 80' lang='lat' dir='ltr'><strong>pessimus</strong></span> 
     </span>
     <span class='ocr_line' id='line_1_8' title="bbox 298 567 2078 651; baseline 0.011 -34"><span class='ocrx_word' id='word_1_66' title='bbox 298 567 413 621; x_wconf 79' lang='lat' dir='ltr'>fibi,</span> <span class='ocrx_word' id='word_1_67' title='bbox 437 571 553 632; x_wconf 85' lang='lat' dir='ltr'><strong>quia</strong></span> <span class='ocrx_word' id='word_1_68' title='bbox 575 567 708 621; x_wconf 77' lang='lat' dir='ltr'><strong>male</strong></span> <span class='ocrx_word' id='word_1_69' title='bbox 739 574 979 638; x_wconf 86' lang='lat' dir='ltr'><strong>providus</strong></span> <span class='ocrx_word' id='word_1_70' title='bbox 1003 577 1255 630; x_wconf 87' lang='lat' dir='ltr'><strong>medicus:</strong></span> <span class='ocrx_word' id='word_1_71' title='bbox 1290 581 1410 632; x_wconf 88' lang='lat' dir='ltr'>hinc</span> <span class='ocrx_word' id='word_1_72' title='bbox 1436 599 1607 633; x_wconf 88' lang='lat' dir='ltr'><strong>rerum</strong></span> <span class='ocrx_word' id='word_1_73' title='bbox 1627 587 1867 635; x_wconf 87' lang='lat' dir='ltr'>omnium</span> <span class='ocrx_word' id='word_1_74' title='bbox 1885 586 2078 651; x_wconf 80' lang='lat' dir='ltr'>inopia,</span> 
     </span>
     <span class='ocr_line' id='line_1_9' title="bbox 299 633 2081 744; baseline 0.011 -65"><span class='ocrx_word' id='word_1_75' title='bbox 299 633 381 744; x_wconf 53' lang='lat' dir='ltr'><strong>gui</strong></span> <span class='ocrx_word' id='word_1_76' title='bbox 406 634 680 690; x_wconf 80' lang='lat' dir='ltr'><strong>sarciendae,</strong></span> <span class='ocrx_word' id='word_1_77' title='bbox 703 636 788 686; x_wconf 88' lang='lat' dir='ltr'><strong>sub</strong></span> <span class='ocrx_word' id='word_1_78' title='bbox 809 637 977 690; x_wconf 88' lang='lat' dir='ltr'><strong>ferreo</strong></span> <span class='ocrx_word' id='word_1_79' title='bbox 1000 642 1168 692; x_wconf 87' lang='lat' dir='ltr'><strong>Marte</strong></span> <span class='ocrx_word' id='word_1_80' title='bbox 1183 677 1196 699; x_wconf 93' lang='lat'>,</span> <span class='ocrx_word' id='word_1_81' title='bbox 1221 660 1455 711; x_wconf 84' lang='lat' dir='ltr'><strong>argentea</strong></span> <span class='ocrx_word' id='word_1_82' title='bbox 1476 650 1676 714; x_wconf 77' lang='lat' dir='ltr'>cogitur</span> <span class='ocrx_word' id='word_1_83' title='bbox 1696 649 1880 700; x_wconf 85' lang='lat' dir='ltr'><strong>mereri</strong></span> <span class='ocrx_word' id='word_1_84' title='bbox 1899 644 2081 716; x_wconf 87' lang='lat' dir='ltr'>stipen-</span> 
     </span>
     <span class='ocr_line' id='line_1_10' title="bbox 314 711 395 745; baseline -0.012 0"><span class='ocrx_word' id='word_1_85' title='bbox 314 711 395 745; x_wconf 60' lang='lat' dir='ltr'>ia.</span> 
     </span>
    </p>

    <p class='ocr_par' dir='ltr' id='par_1_3' title="bbox 289 761 2084 2430">
     <span class='ocr_line' id='line_1_11' title="bbox 425 761 2080 834; baseline 0.01 -24"><span class='ocrx_word' id='word_1_86' title='bbox 425 761 623 813; x_wconf 88' lang='lat' dir='ltr'><strong>LEUC:</strong></span> <span class='ocrx_word' id='word_1_87' title='bbox 691 765 999 817; x_wconf 87' lang='lat' dir='ltr'><strong>Dolendum</strong></span> <span class='ocrx_word' id='word_1_88' title='bbox 1022 771 1309 828; x_wconf 84' lang='lat' dir='ltr'><strong>Juventutis</strong></span> <span class='ocrx_word' id='word_1_89' title='bbox 1338 774 1443 825; x_wconf 90' lang='lat' dir='ltr'><strong>hoc</strong></span> <span class='ocrx_word' id='word_1_90' title='bbox 1480 776 1645 827; x_wconf 85' lang='lat' dir='ltr'><strong>fatum</strong></span> <span class='ocrx_word' id='word_1_91' title='bbox 1676 777 1842 832; x_wconf 83' lang='lat' dir='ltr'>aiunt,</span> <span class='ocrx_word' id='word_1_92' title='bbox 1873 786 1930 827; x_wconf 89' lang='lat' dir='ltr'><strong>ut</strong></span> <span class='ocrx_word' id='word_1_93' title='bbox 1958 777 2080 834; x_wconf 81' lang='lat' dir='ltr'><strong>ejus-</strong></span> 
     </span>
     <span class='ocr_line' id='line_1_12' title="bbox 296 825 2080 905; baseline 0.009 -33"><span class='ocrx_word' id='word_1_94' title='bbox 296 825 445 874; x_wconf 85' lang='lat' dir='ltr'>modi</span> <span class='ocrx_word' id='word_1_95' title='bbox 478 839 590 875; x_wconf 86' lang='lat' dir='ltr'><strong>ruat</strong></span> <span class='ocrx_word' id='word_1_96' title='bbox 614 829 666 877; x_wconf 92' lang='lat' dir='ltr'><strong>in</strong></span> <span class='ocrx_word' id='word_1_97' title='bbox 695 833 989 897; x_wconf 69' lang='lat' dir='ltr'>praecipitia:</span> <span class='ocrx_word' id='word_1_98' title='bbox 1043 837 1094 884; x_wconf 84' lang='lat'>&amp;</span> <span class='ocrx_word' id='word_1_99' title='bbox 1133 834 1304 886; x_wconf 85' lang='lat' dir='ltr'><strong>nostra</strong></span> <span class='ocrx_word' id='word_1_100' title='bbox 1330 850 1566 905; x_wconf 86' lang='lat' dir='ltr'><strong>tempora</strong></span> <span class='ocrx_word' id='word_1_101' title='bbox 1597 855 1709 890; x_wconf 89' lang='lat' dir='ltr'><strong>non</strong></span> <span class='ocrx_word' id='word_1_102' title='bbox 1735 839 1852 891; x_wconf 80' lang='lat' dir='ltr'><strong>raro</strong></span> <span class='ocrx_word' id='word_1_103' title='bbox 1879 837 2080 905; x_wconf 87' lang='lat' dir='ltr'><strong>stupent</strong></span> 
     </span>
     <span class='ocr_line' id='line_1_13' title="bbox 292 895 2078 965; baseline 0.009 -29"><span class='ocrx_word' id='word_1_104' title='bbox 292 904 636 956; x_wconf 64' lang='lat' dir='ltr'><strong>praeproperas</strong></span> <span class='ocrx_word' id='word_1_105' title='bbox 665 895 1104 960; x_wconf 84' lang='lat' dir='ltr'><strong>metamorphoses</strong></span> <span class='ocrx_word' id='word_1_106' title='bbox 1124 932 1137 950; x_wconf 82' lang='lat'>‚</span> <span class='ocrx_word' id='word_1_107' title='bbox 1162 899 1228 948; x_wconf 90' lang='lat' dir='ltr'><strong>de</strong></span> <span class='ocrx_word' id='word_1_108' title='bbox 1262 902 1444 965; x_wconf 88' lang='lat' dir='ltr'><strong>quibus</strong></span> <span class='ocrx_word' id='word_1_109' title='bbox 1473 899 1686 953; x_wconf 75' lang='lat' dir='ltr'>minime</span> <span class='ocrx_word' id='word_1_110' title='bbox 1716 899 1829 956; x_wconf 63' lang='lat' dir='ltr'><strong>fiete</strong></span> <span class='ocrx_word' id='word_1_111' title='bbox 1859 903 2078 954; x_wconf 88' lang='lat' dir='ltr'>Ovidius</span> 
     </span>
     <span class='ocr_line' id='line_1_14' title="bbox 296 955 2079 1033; baseline 0.01 -33"><span class='ocrx_word' id='word_1_112' title='bbox 296 965 522 1001; x_wconf 82' lang='lat' dir='ltr'><strong>caneret:</strong></span> <span class='ocrx_word' id='word_1_113' title='bbox 572 955 699 1018; x_wconf 56' lang='lat' dir='ltr'><strong>quim</strong></span> <span class='ocrx_word' id='word_1_114' title='bbox 713 956 856 1013; x_wconf 67' lang='lat' dir='ltr'><strong>subit«)</strong></span> <span class='ocrx_word' id='word_1_115' title='bbox 883 960 1028 1011; x_wconf 74' lang='lat' dir='ltr'>miles,</span> <span class='ocrx_word' id='word_1_116' title='bbox 1051 965 1126 1026; x_wconf 78' lang='lat' dir='ltr'><strong>qui</strong></span> <span class='ocrx_word' id='word_1_117' title='bbox 1149 965 1304 1024; x_wconf 68' lang='lat' dir='ltr'><strong>sophus</strong></span> <span class='ocrx_word' id='word_1_118' title='bbox 1325 979 1425 1013; x_wconf 76' lang='lat' dir='ltr'><strong>ante</strong></span> <span class='ocrx_word' id='word_1_119' title='bbox 1435 965 1546 1025; x_wconf 78' lang='lat' dir='ltr'>fuit.</span> <span class='ocrx_word' id='word_1_120' title='bbox 1632 969 1694 1016; x_wconf 89' lang='lat' dir='ltr'><strong>Et</strong></span> <span class='ocrx_word' id='word_1_121' title='bbox 1723 982 1880 1033; x_wconf 88' lang='lat' dir='ltr'><strong>quam</strong></span> <span class='ocrx_word' id='word_1_122' title='bbox 1908 968 2079 1017; x_wconf 88' lang='lat' dir='ltr'>incan-</span> 
     </span>
     <span class='ocr_line' id='line_1_15' title="bbox 289 1018 2080 1093; baseline 0.01 -29"><span class='ocrx_word' id='word_1_123' title='bbox 289 1018 496 1066; x_wconf 80' lang='lat' dir='ltr'>tationis</span> <span class='ocrx_word' id='word_1_124' title='bbox 518 1018 627 1082; x_wconf 79' lang='lat' dir='ltr'><strong>plus</strong></span> <span class='ocrx_word' id='word_1_125' title='bbox 651 1019 806 1082; x_wconf 69' lang='lat' dir='ltr'><strong>quam</strong></span> <span class='ocrx_word' id='word_1_126' title='bbox 829 1022 1018 1073; x_wconf 84' lang='lat' dir='ltr'><strong>Circeae</strong></span> <span class='ocrx_word' id='word_1_127' title='bbox 1041 1026 1240 1076; x_wconf 82' lang='lat' dir='ltr'><strong>causam</strong></span> <span class='ocrx_word' id='word_1_128' title='bbox 1263 1026 1496 1093; x_wconf 72' lang='lat' dir='ltr'>assignas?</span> <span class='ocrx_word' id='word_1_129' title='bbox 1562 1032 1718 1078; x_wconf 89' lang='lat' dir='ltr'><em>MEL:</em></span> <span class='ocrx_word' id='word_1_130' title='bbox 1755 1030 1950 1081; x_wconf 85' lang='lat' dir='ltr'><strong>nullam</strong></span> <span class='ocrx_word' id='word_1_131' title='bbox 1974 1029 2080 1081; x_wconf 81' lang='lat' dir='ltr'><strong>affi-</strong></span> 
     </span>
     <span class='ocr_line' id='line_1_16' title="bbox 292 1080 2080 1157; baseline 0.008 -29"><span class='ocrx_word' id='word_1_132' title='bbox 292 1093 428 1144; x_wconf 82' lang='lat' dir='ltr'>gno:</span> <span class='ocrx_word' id='word_1_133' title='bbox 485 1080 725 1148; x_wconf 80' lang='lat' dir='ltr'>assignant</span> <span class='ocrx_word' id='word_1_134' title='bbox 749 1085 954 1136; x_wconf 81' lang='lat' dir='ltr'><strong>Parrum</strong></span> <span class='ocrx_word' id='word_1_135' title='bbox 985 1091 1191 1139; x_wconf 86' lang='lat' dir='ltr'><strong>oracula</strong></span> <span class='ocrx_word' id='word_1_136' title='bbox 1220 1090 1393 1156; x_wconf 83' lang='lat' dir='ltr'><strong>paffim</strong></span> <span class='ocrx_word' id='word_1_137' title='bbox 1423 1108 1535 1142; x_wconf 86' lang='lat' dir='ltr'><strong>non</strong></span> <span class='ocrx_word' id='word_1_138' title='bbox 1562 1109 1745 1143; x_wconf 87' lang='lat' dir='ltr'><strong>unam:</strong></span> <span class='ocrx_word' id='word_1_139' title='bbox 1802 1097 1854 1145; x_wconf 76' lang='grc' dir='ltr'><strong>ὅ(</strong></span> <span class='ocrx_word' id='word_1_140' title='bbox 1876 1095 1994 1157; x_wconf 84' lang='lat' dir='ltr'><strong>quia</strong></span> <span class='ocrx_word' id='word_1_141' title='bbox 2015 1093 2080 1143; x_wconf 90' lang='lat' dir='ltr'><strong>de</strong></span> 
     </span>
     <span class='ocr_line' id='line_1_17' title="bbox 293 1145 2078 1220; baseline 0.01 -27"><span class='ocrx_word' id='word_1_142' title='bbox 293 1145 377 1194; x_wconf 77' lang='lat' dir='ltr'>stia</span> <span class='ocrx_word' id='word_1_143' title='bbox 404 1158 546 1195; x_wconf 80' lang='lat' dir='ltr'><strong>aetate</strong></span> <span class='ocrx_word' id='word_1_144' title='bbox 571 1148 885 1198; x_wconf 81' lang='lat' dir='ltr'>Sententiam</span> <span class='ocrx_word' id='word_1_145' title='bbox 913 1149 1106 1208; x_wconf 85' lang='lat' dir='ltr'><strong>ferunt,</strong></span> <span class='ocrx_word' id='word_1_146' title='bbox 1135 1153 1237 1204; x_wconf 86' lang='lat' dir='ltr'><strong>fine</strong></span> <span class='ocrx_word' id='word_1_147' title='bbox 1274 1157 1475 1220; x_wconf 84' lang='lat' dir='ltr'><strong>piaculo</strong></span> <span class='ocrx_word' id='word_1_148' title='bbox 1500 1157 1732 1206; x_wconf 86' lang='lat' dir='ltr'><strong>referam.</strong></span> <span class='ocrx_word' id='word_1_149' title='bbox 1834 1159 2078 1211; x_wconf 74' lang='lat' dir='ltr'>Primam,</span> 
     </span>
     <span class='ocr_line' id='line_1_18' title="bbox 290 1208 2080 1279; baseline 0.004 -17"><span class='ocrx_word' id='word_1_150' title='bbox 290 1208 459 1263; x_wconf 86' lang='lat' dir='ltr'>aiunt,</span> <span class='ocrx_word' id='word_1_151' title='bbox 480 1220 679 1260; x_wconf 74' lang='lat' dir='ltr'><strong>aetatem</strong></span> <span class='ocrx_word' id='word_1_152' title='bbox 700 1212 795 1261; x_wconf 81' lang='lat' dir='ltr'><strong>efl&#39;e</strong></span> <span class='ocrx_word' id='word_1_153' title='bbox 813 1214 1184 1279; x_wconf 76' lang='lat' dir='ltr'>improvidaim</span> <span class='ocrx_word' id='word_1_154' title='bbox 1237 1217 1320 1267; x_wconf 88' lang='lat' dir='ltr'><strong>sed</strong></span> <span class='ocrx_word' id='word_1_155' title='bbox 1349 1218 1455 1268; x_wconf 79' lang='lat' dir='ltr'><strong>haec</strong></span> <span class='ocrx_word' id='word_1_156' title='bbox 1487 1219 1718 1269; x_wconf 86' lang='lat' dir='ltr'><strong>ferenda:</strong></span> <span class='ocrx_word' id='word_1_157' title='bbox 1755 1220 1965 1269; x_wconf 88' lang='lat' dir='ltr'><strong>alteram</strong></span> <span class='ocrx_word' id='word_1_158' title='bbox 1995 1221 2080 1271; x_wconf 90' lang='lat' dir='ltr'><strong>ad-</strong></span> 
     </span>
     <span class='ocr_line' id='line_1_19' title="bbox 293 1273 2080 1337; baseline 0.007 -16"><span class='ocrx_word' id='word_1_159' title='bbox 293 1273 422 1322; x_wconf 88' lang='lat' dir='ltr'><strong>dunt</strong></span> <span class='ocrx_word' id='word_1_160' title='bbox 451 1273 793 1326; x_wconf 88' lang='lat' dir='ltr'><strong>scandalosam</strong></span> <span class='ocrx_word' id='word_1_161' title='bbox 817 1279 1038 1329; x_wconf 74' lang='lat' dir='ltr'>nimium</span> <span class='ocrx_word' id='word_1_162' title='bbox 1065 1280 1377 1337; x_wconf 86' lang='lat' dir='ltr'><strong>libertatem,</strong></span> <span class='ocrx_word' id='word_1_163' title='bbox 1398 1286 1478 1332; x_wconf 90' lang='lat' dir='ltr'>cui</span> <span class='ocrx_word' id='word_1_164' title='bbox 1512 1285 1745 1333; x_wconf 84' lang='lat' dir='ltr'><strong>Parentes</strong></span> <span class='ocrx_word' id='word_1_165' title='bbox 1777 1283 1931 1335; x_wconf 81' lang='lat' dir='ltr'><strong>fraena</strong></span> <span class='ocrx_word' id='word_1_166' title='bbox 1966 1299 2080 1333; x_wconf 88' lang='lat' dir='ltr'><strong>non</strong></span> 
     </span>
     <span class='ocr_line' id='line_1_20' title="bbox 292 1337 2082 1424; baseline 0.006 -38"><span class='ocrx_word' id='word_1_167' title='bbox 292 1337 483 1387; x_wconf 70' lang='lat' dir='ltr'><strong>arstant</strong></span> <span class='ocrx_word' id='word_1_168' title='bbox 497 1372 509 1393; x_wconf 90' lang='lat'>,</span> <span class='ocrx_word' id='word_1_169' title='bbox 532 1338 617 1388; x_wconf 91' lang='lat' dir='ltr'><strong>sed</strong></span> <span class='ocrx_word' id='word_1_170' title='bbox 638 1341 972 1391; x_wconf 84' lang='lat' dir='ltr'>connivendo</span> <span class='ocrx_word' id='word_1_171' title='bbox 1008 1343 1176 1394; x_wconf 80' lang='lat' dir='ltr'><strong>laxant</strong></span> <span class='ocrx_word' id='word_1_172' title='bbox 1197 1362 1206 1392; x_wconf 92' lang='lat'>:</span> <span class='ocrx_word' id='word_1_173' title='bbox 1252 1348 1334 1395; x_wconf 89' lang='lat' dir='ltr'>cui</span> <span class='ocrx_word' id='word_1_174' title='bbox 1354 1347 1626 1397; x_wconf 85' lang='lat' dir='ltr'><strong>Curatores</strong></span> <span class='ocrx_word' id='word_1_175' title='bbox 1648 1363 1759 1396; x_wconf 87' lang='lat' dir='ltr'><strong>non</strong></span> <span class='ocrx_word' id='word_1_176' title='bbox 1781 1359 1983 1424; x_wconf 87' lang='lat' dir='ltr'><strong>ponunt</strong></span> <span class='ocrx_word' id='word_1_177' title='bbox 2005 1363 2082 1397; x_wconf 88' lang='lat' dir='ltr'><strong>re-</strong></span> 
     </span>
     <span class='ocr_line' id='line_1_21' title="bbox 292 1401 2080 1474; baseline 0.007 -25"><span class='ocrx_word' id='word_1_178' title='bbox 292 1402 500 1466; x_wconf 82' lang='lat' dir='ltr'><strong>pagula,</strong></span> <span class='ocrx_word' id='word_1_179' title='bbox 520 1401 603 1452; x_wconf 90' lang='lat' dir='ltr'><strong>sed</strong></span> <span class='ocrx_word' id='word_1_180' title='bbox 623 1403 937 1469; x_wconf 84' lang='lat' dir='ltr'><strong>indulgendo</strong></span> <span class='ocrx_word' id='word_1_181' title='bbox 960 1405 1178 1457; x_wconf 87' lang='lat' dir='ltr'><strong>subdunt</strong></span> <span class='ocrx_word' id='word_1_182' title='bbox 1205 1410 1439 1460; x_wconf 88' lang='lat' dir='ltr'>calcaria:</span> <span class='ocrx_word' id='word_1_183' title='bbox 1476 1415 1529 1462; x_wconf 70' lang='grc' dir='ltr'><strong>ὃς</strong></span> <span class='ocrx_word' id='word_1_184' title='bbox 1548 1410 1670 1474; x_wconf 89' lang='lat' dir='ltr'>quid</span> <span class='ocrx_word' id='word_1_185' title='bbox 1683 1413 1889 1465; x_wconf 85' lang='lat' dir='ltr'><strong>mirum,</strong></span> <span class='ocrx_word' id='word_1_186' title='bbox 1910 1410 1944 1460; x_wconf 85' lang='lat' dir='ltr'>fi</span> <span class='ocrx_word' id='word_1_187' title='bbox 1967 1426 2080 1461; x_wconf 85' lang='lat' dir='ltr'><strong>non</strong></span> 
     </span>
     <span class='ocr_line' id='line_1_22' title="bbox 292 1462 2081 1536; baseline 0.005 -22"><span class='ocrx_word' id='word_1_188' title='bbox 292 1462 351 1514; x_wconf 84' lang='lat' dir='ltr'><strong>fit</strong></span> <span class='ocrx_word' id='word_1_189' title='bbox 383 1478 608 1530; x_wconf 75' lang='lat' dir='ltr'><strong>pratum,</strong></span> <span class='ocrx_word' id='word_1_190' title='bbox 631 1469 776 1530; x_wconf 81' lang='lat' dir='ltr'><strong>quod</strong></span> <span class='ocrx_word' id='word_1_191' title='bbox 803 1484 912 1518; x_wconf 84' lang='lat' dir='ltr'><strong>non</strong></span> <span class='ocrx_word' id='word_1_192' title='bbox 939 1471 1240 1535; x_wconf 85' lang='lat' dir='ltr'><strong>pertranseat</strong></span> <span class='ocrx_word' id='word_1_193' title='bbox 1273 1475 1558 1532; x_wconf 78' lang='lat' dir='ltr'><strong>juventutis</strong></span> <span class='ocrx_word' id='word_1_194' title='bbox 1589 1476 1804 1524; x_wconf 75' lang='lat' dir='ltr'><strong>luxuria?</strong></span> <span class='ocrx_word' id='word_1_195' title='bbox 1841 1473 1962 1536; x_wconf 87' lang='lat' dir='ltr'>quid</span> <span class='ocrx_word' id='word_1_196' title='bbox 1988 1476 2081 1523; x_wconf 85' lang='lat' dir='ltr'><strong>mi-</strong></span> 
     </span>
     <span class='ocr_line' id='line_1_23' title="bbox 293 1529 2080 1603; baseline 0.005 -25"><span class='ocrx_word' id='word_1_197' title='bbox 293 1545 437 1585; x_wconf 82' lang='lat' dir='ltr'><strong>rum,</strong></span> <span class='ocrx_word' id='word_1_198' title='bbox 469 1529 614 1594; x_wconf 79' lang='lat' dir='ltr'><strong>quod</strong></span> <span class='ocrx_word' id='word_1_199' title='bbox 636 1533 690 1580; x_wconf 91' lang='lat' dir='ltr'><strong>in</strong></span> <span class='ocrx_word' id='word_1_200' title='bbox 721 1532 1014 1591; x_wconf 77' lang='lat' dir='ltr'>Acadcmijs</span> <span class='ocrx_word' id='word_1_201' title='bbox 1049 1538 1099 1586; x_wconf 68' lang='grc' dir='ltr'><strong>ὃς</strong></span> <span class='ocrx_word' id='word_1_202' title='bbox 1135 1535 1249 1586; x_wconf 85' lang='lat' dir='ltr'><strong>suos</strong></span> <span class='ocrx_word' id='word_1_203' title='bbox 1292 1537 1501 1588; x_wconf 87' lang='lat' dir='ltr'>subinde</span> <span class='ocrx_word' id='word_1_204' title='bbox 1538 1550 1771 1588; x_wconf 82' lang='lat' dir='ltr'><strong>numeret</strong></span> <span class='ocrx_word' id='word_1_205' title='bbox 1795 1537 2080 1603; x_wconf 76' lang='lat' dir='ltr'>Discipulos</span> 
     </span>
     <span class='ocr_line' id='line_1_24' title="bbox 293 1593 2081 1672; baseline 0.004 -29"><span class='ocrx_word' id='word_1_206' title='bbox 293 1593 563 1658; x_wconf 78' lang='lat' dir='ltr'><strong>Epicurus?</strong></span> <span class='ocrx_word' id='word_1_207' title='bbox 599 1594 681 1644; x_wconf 84' lang='lat' dir='ltr'><strong>sed</strong></span> <span class='ocrx_word' id='word_1_208' title='bbox 701 1595 903 1646; x_wconf 73' lang='lat' dir='ltr'><strong>ulterius</strong></span> <span class='ocrx_word' id='word_1_209' title='bbox 932 1598 1098 1648; x_wconf 86' lang='lat' dir='ltr'>nolim</span> <span class='ocrx_word' id='word_1_210' title='bbox 1123 1599 1217 1648; x_wconf 82' lang='lat' dir='ltr'><strong>effe</strong></span> <span class='ocrx_word' id='word_1_211' title='bbox 1240 1603 1480 1667; x_wconf 85' lang='lat' dir='ltr'><strong>interpres</strong></span> <span class='ocrx_word' id='word_1_212' title='bbox 1494 1635 1506 1657; x_wconf 89' lang='lat'>‚</span> <span class='ocrx_word' id='word_1_213' title='bbox 1528 1617 1593 1651; x_wconf 91' lang='lat' dir='ltr'><strong>ne</strong></span> <span class='ocrx_word' id='word_1_214' title='bbox 1616 1600 1794 1651; x_wconf 78' lang='lat' dir='ltr'><strong>contra</strong></span> <span class='ocrx_word' id='word_1_215' title='bbox 1813 1600 1969 1672; x_wconf 69' lang='lat' dir='ltr'><strong>quam</strong></span> <span class='ocrx_word' id='word_1_216' title='bbox 1986 1601 2081 1650; x_wconf 88' lang='lat' dir='ltr'><strong>ob-</strong></span> 
     </span>
     <span class='ocr_line' id='line_1_25' title="bbox 292 1654 2083 1731; baseline 0.005 -26"><span class='ocrx_word' id='word_1_217' title='bbox 292 1654 593 1708; x_wconf 61' lang='lat' dir='ltr'><strong>stinaverant</strong></span> <span class='ocrx_word' id='word_1_218' title='bbox 613 1661 872 1715; x_wconf 86' lang='lat' dir='ltr'><strong>animum,</strong></span> <span class='ocrx_word' id='word_1_219' title='bbox 901 1665 1117 1712; x_wconf 88' lang='lat' dir='ltr'><strong>amarius</strong></span> <span class='ocrx_word' id='word_1_220' title='bbox 1142 1664 1412 1714; x_wconf 84' lang='lat' dir='ltr'><strong>verbulum</strong></span> <span class='ocrx_word' id='word_1_221' title='bbox 1434 1667 1515 1716; x_wconf 84' lang='lat' dir='ltr'><strong>vel</strong></span> <span class='ocrx_word' id='word_1_222' title='bbox 1537 1667 1699 1716; x_wconf 87' lang='lat' dir='ltr'>invito</span> <span class='ocrx_word' id='word_1_223' title='bbox 1724 1677 1968 1731; x_wconf 77' lang='lat' dir='ltr'><strong>exprimat</strong></span> <span class='ocrx_word' id='word_1_224' title='bbox 1986 1665 2083 1714; x_wconf 90' lang='lat' dir='ltr'><strong>do-</strong></span> 
     </span>
     <span class='ocr_line' id='line_1_26' title="bbox 291 1722 2084 1794; baseline 0.003 -23"><span class='ocrx_word' id='word_1_225' title='bbox 291 1722 388 1771; x_wconf 87' lang='lat' dir='ltr'><strong>lor.</strong></span> <span class='ocrx_word' id='word_1_226' title='bbox 489 1722 698 1774; x_wconf 87' lang='lat' dir='ltr'>Utinam</span> <span class='ocrx_word' id='word_1_227' title='bbox 730 1722 1023 1790; x_wconf 81' lang='lat' dir='ltr'>Philosophi</span> <span class='ocrx_word' id='word_1_228' title='bbox 1052 1723 1127 1776; x_wconf 85' lang='lat' dir='ltr'><strong>isti</strong></span> <span class='ocrx_word' id='word_1_229' title='bbox 1157 1727 1479 1792; x_wconf 85' lang='lat' dir='ltr'><strong>sequerentur</strong></span> <span class='ocrx_word' id='word_1_230' title='bbox 1502 1728 1869 1794; x_wconf 86' lang='lat' dir='ltr'>Philosophum</span> <span class='ocrx_word' id='word_1_231' title='bbox 1892 1761 1905 1783; x_wconf 89' lang='lat'>,</span> <span class='ocrx_word' id='word_1_232' title='bbox 1933 1727 2084 1778; x_wconf 87' lang='lat' dir='ltr'>Chri-</span> 
     </span>
     <span class='ocr_line' id='line_1_27' title="bbox 293 1782 2084 1859; baseline 0.004 -25"><span class='ocrx_word' id='word_1_233' title='bbox 293 1782 434 1835; x_wconf 86' lang='lat' dir='ltr'>stiani</span> <span class='ocrx_word' id='word_1_234' title='bbox 457 1785 755 1841; x_wconf 87' lang='lat' dir='ltr'>Ethnicum,</span> <span class='ocrx_word' id='word_1_235' title='bbox 781 1790 870 1851; x_wconf 87' lang='lat' dir='ltr'>qui</span> <span class='ocrx_word' id='word_1_236' title='bbox 894 1788 1129 1856; x_wconf 80' lang='lat' dir='ltr'>desipuit,</span> <span class='ocrx_word' id='word_1_237' title='bbox 1152 1791 1234 1841; x_wconf 87' lang='lat' dir='ltr'><strong>sed</strong></span> <span class='ocrx_word' id='word_1_238' title='bbox 1260 1796 1311 1845; x_wconf 62' lang='grc' dir='ltr'>ἃ</span> <span class='ocrx_word' id='word_1_239' title='bbox 1338 1793 1538 1859; x_wconf 60' lang='lat' dir='ltr'><strong>resipuit</strong></span> <span class='ocrx_word' id='word_1_240' title='bbox 1560 1794 1774 1851; x_wconf 85' lang='lat' dir='ltr'><strong>juvenis:</strong></span> <span class='ocrx_word' id='word_1_241' title='bbox 1827 1807 1948 1841; x_wconf 83' lang='lat' dir='ltr'><strong>nam</strong></span> <span class='ocrx_word' id='word_1_242' title='bbox 1976 1791 2084 1841; x_wconf 85' lang='lat' dir='ltr'><strong>bel-</strong></span> 
     </span>
     <span class='ocr_line' id='line_1_28' title="bbox 294 1849 2082 1928; baseline 0.004 -30"><span class='ocrx_word' id='word_1_243' title='bbox 294 1850 403 1898; x_wconf 86' lang='lat' dir='ltr'><strong>lum</strong></span> <span class='ocrx_word' id='word_1_244' title='bbox 427 1849 552 1901; x_wconf 78' lang='lat' dir='ltr'><strong>dum</strong></span> <span class='ocrx_word' id='word_1_245' title='bbox 568 1849 816 1900; x_wconf 77' lang='lat' dir='ltr'>infelicius</span> <span class='ocrx_word' id='word_1_246' title='bbox 838 1852 1054 1906; x_wconf 78' lang='lat' dir='ltr'><strong>caderet,</strong></span> <span class='ocrx_word' id='word_1_247' title='bbox 1076 1855 1309 1921; x_wconf 86' lang='lat' dir='ltr'><strong>Delphos</strong></span> <span class='ocrx_word' id='word_1_248' title='bbox 1333 1854 1536 1913; x_wconf 77' lang='lat' dir='ltr'>transiit,</span> <span class='ocrx_word' id='word_1_249' title='bbox 1556 1857 1642 1907; x_wconf 86' lang='lat' dir='ltr'><strong>ubi</strong></span> <span class='ocrx_word' id='word_1_250' title='bbox 1663 1857 1724 1906; x_wconf 90' lang='lat' dir='ltr'><strong>ab</strong></span> <span class='ocrx_word' id='word_1_251' title='bbox 1738 1856 2082 1928; x_wconf 32' lang='lat' dir='ltr'><strong>oraculo-per-</strong></span> 
     </span>
     <span class='ocr_line' id='line_1_29' title="bbox 291 1910 2079 1975; baseline 0.004 -14"><span class='ocrx_word' id='word_1_252' title='bbox 291 1912 478 1965; x_wconf 83' lang='lat' dir='ltr'><strong>suasus,</strong></span> <span class='ocrx_word' id='word_1_253' title='bbox 503 1910 658 1963; x_wconf 83' lang='lat' dir='ltr'><strong>castra</strong></span> <span class='ocrx_word' id='word_1_254' title='bbox 689 1913 898 1969; x_wconf 86' lang='lat' dir='ltr'>scholis,</span> <span class='ocrx_word' id='word_1_255' title='bbox 929 1916 1121 1967; x_wconf 86' lang='lat' dir='ltr'><strong>ferrum</strong></span> <span class='ocrx_word' id='word_1_256' title='bbox 1149 1920 1351 1971; x_wconf 86' lang='lat' dir='ltr'><strong>calamo</strong></span> <span class='ocrx_word' id='word_1_257' title='bbox 1382 1933 1628 1975; x_wconf 86' lang='lat' dir='ltr'><strong>mutaret,</strong></span> <span class='ocrx_word' id='word_1_258' title='bbox 1662 1922 1831 1970; x_wconf 88' lang='lat' dir='ltr'><strong>Marte</strong></span> <span class='ocrx_word' id='word_1_259' title='bbox 1867 1918 2079 1971; x_wconf 84' lang='lat' dir='ltr'>scilicet,</span> 
     </span>
     <span class='ocr_line' id='line_1_30' title="bbox 292 1976 2076 2050; baseline 0.004 -26"><span class='ocrx_word' id='word_1_260' title='bbox 292 1977 566 2026; x_wconf 85' lang='lat' dir='ltr'><strong>delicatum</strong></span> <span class='ocrx_word' id='word_1_261' title='bbox 588 1976 725 2026; x_wconf 80' lang='lat' dir='ltr'><strong>hunc</strong></span> <span class='ocrx_word' id='word_1_262' title='bbox 753 1979 969 2028; x_wconf 85' lang='lat' dir='ltr'>militem</span> <span class='ocrx_word' id='word_1_263' title='bbox 995 1981 1265 2032; x_wconf 81' lang='lat' dir='ltr'><strong>aversante.</strong></span> <span class='ocrx_word' id='word_1_264' title='bbox 1366 1986 1502 2050; x_wconf 84' lang='lat' dir='ltr'><strong>Ergo</strong></span> <span class='ocrx_word' id='word_1_265' title='bbox 1530 1999 1691 2033; x_wconf 88' lang='lat' dir='ltr'><strong>annos</strong></span> <span class='ocrx_word' id='word_1_266' title='bbox 1721 1982 2076 2047; x_wconf 80' lang='lat' dir='ltr'>duodeviginti</span> 
     </span>
     <span class='ocr_line' id='line_1_31' title="bbox 293 2039 2076 2113; baseline 0.004 -24"><span class='ocrx_word' id='word_1_267' title='bbox 293 2053 435 2089; x_wconf 85' lang='lat' dir='ltr'><strong>natus</strong></span> <span class='ocrx_word' id='word_1_268' title='bbox 450 2074 463 2095; x_wconf 91' lang='lat'>,</span> <span class='ocrx_word' id='word_1_269' title='bbox 483 2039 713 2091; x_wconf 83' lang='lat' dir='ltr'><strong>Athenas</strong></span> <span class='ocrx_word' id='word_1_270' title='bbox 731 2043 807 2090; x_wconf 87' lang='lat' dir='ltr'><strong>mi</strong></span> <span class='ocrx_word' id='word_1_271' title='bbox 846 2053 940 2097; x_wconf 84' lang='lat' dir='ltr'><strong>rat,</strong></span> <span class='ocrx_word' id='word_1_272' title='bbox 962 2042 1203 2109; x_wconf 75' lang='lat' dir='ltr'><strong>totusque</strong></span> <span class='ocrx_word' id='word_1_273' title='bbox 1226 2050 1279 2097; x_wconf 88' lang='lat' dir='ltr'><strong>in</strong></span> <span class='ocrx_word' id='word_1_274' title='bbox 1298 2046 1679 2113; x_wconf 86' lang='lat' dir='ltr'>Philosophiam</span> <span class='ocrx_word' id='word_1_275' title='bbox 1698 2048 1918 2095; x_wconf 85' lang='lat' dir='ltr'><strong>intentus</strong></span> <span class='ocrx_word' id='word_1_276' title='bbox 1931 2078 1944 2101; x_wconf 89' lang='lat'>,</span> <span class='ocrx_word' id='word_1_277' title='bbox 1968 2046 2076 2096; x_wconf 88' lang='lat' dir='ltr'>Pla-</span> 
     </span>
     <span class='ocr_line' id='line_1_32' title="bbox 292 2100 2076 2174; baseline 0.004 -23"><span class='ocrx_word' id='word_1_278' title='bbox 292 2105 403 2152; x_wconf 86' lang='lat' dir='ltr'>toni</span> <span class='ocrx_word' id='word_1_279' title='bbox 427 2100 789 2154; x_wconf 85' lang='lat' dir='ltr'>instituendum</span> <span class='ocrx_word' id='word_1_280' title='bbox 828 2121 855 2154; x_wconf 89' lang='lat' dir='ltr'><strong>e</strong></span> <span class='ocrx_word' id='word_1_281' title='bbox 881 2106 1058 2165; x_wconf 86' lang='lat' dir='ltr'>tradit,</span> <span class='ocrx_word' id='word_1_282' title='bbox 1082 2121 1234 2174; x_wconf 84' lang='lat' dir='ltr'><strong>atque</strong></span> <span class='ocrx_word' id='word_1_283' title='bbox 1266 2110 1404 2162; x_wconf 81' lang='lat' dir='ltr'><strong>hunc</strong></span> <span class='ocrx_word' id='word_1_284' title='bbox 1426 2107 1668 2161; x_wconf 69' lang='lat' dir='ltr'><strong>indefessa</strong></span> <span class='ocrx_word' id='word_1_285' title='bbox 1693 2106 1957 2164; x_wconf 69' lang='lat' dir='ltr'>industria,</span> <span class='ocrx_word' id='word_1_286' title='bbox 1986 2125 2076 2159; x_wconf 79' lang='lat' dir='ltr'><strong>an-</strong></span> 
     </span>
     <span class='ocr_line' id='line_1_33' title="bbox 292 2165 2079 2238; baseline -0.001 -22"><span class='ocrx_word' id='word_1_287' title='bbox 292 2182 388 2216; x_wconf 80' lang='lat' dir='ltr'><strong>nos</strong></span> <span class='ocrx_word' id='word_1_288' title='bbox 411 2165 568 2215; x_wconf 77' lang='lat' dir='ltr'>aud-iit</span> <span class='ocrx_word' id='word_1_289' title='bbox 591 2166 813 2219; x_wconf 79' lang='lat' dir='ltr'>omnino</span> <span class='ocrx_word' id='word_1_290' title='bbox 839 2171 1028 2234; x_wconf 82' lang='lat' dir='ltr'>viginti.</span> <span class='ocrx_word' id='word_1_291' title='bbox 1131 2171 1298 2224; x_wconf 83' lang='lat' dir='ltr'><strong>Obstu</strong></span> <span class='ocrx_word' id='word_1_292' title='bbox 1336 2176 1498 2225; x_wconf 87' lang='lat' dir='ltr'><strong>esca-nt</strong></span> <span class='ocrx_word' id='word_1_293' title='bbox 1526 2173 1610 2223; x_wconf 84' lang='lat' dir='ltr'><strong>hic</strong></span> <span class='ocrx_word' id='word_1_294' title='bbox 1641 2172 2079 2238; x_wconf 63' lang='lat' dir='ltr'>Philosophorum</span> 
     </span>
     <span class='ocr_line' id='line_1_34' title="bbox 292 2231 2075 2301; baseline 0.005 -24"><span class='ocrx_word' id='word_1_295' title='bbox 292 2242 372 2278; x_wconf 85' lang='lat' dir='ltr'><strong>tot</strong></span> <span class='ocrx_word' id='word_1_296' title='bbox 392 2231 560 2278; x_wconf 80' lang='lat' dir='ltr'>inania</span> <span class='ocrx_word' id='word_1_297' title='bbox 579 2233 821 2287; x_wconf 84' lang='lat' dir='ltr'>nomina,</span> <span class='ocrx_word' id='word_1_298' title='bbox 841 2247 952 2297; x_wconf 81' lang='lat' dir='ltr'><strong>quae</strong></span> <span class='ocrx_word' id='word_1_299' title='bbox 976 2236 1264 2301; x_wconf 81' lang='lat' dir='ltr'><strong>Peripatum</strong></span> <span class='ocrx_word' id='word_1_300' title='bbox 1311 2240 1462 2288; x_wconf 84' lang='lat' dir='ltr'><strong>ulcire</strong></span> <span class='ocrx_word' id='word_1_301' title='bbox 1489 2237 1534 2286; x_wconf 87' lang='lat' dir='ltr'><strong>se</strong></span> <span class='ocrx_word' id='word_1_302' title='bbox 1557 2249 1848 2291; x_wconf 76' lang='lat' dir='ltr'><strong>autumant,</strong></span> <span class='ocrx_word' id='word_1_303' title='bbox 1872 2236 1961 2286; x_wconf 85' lang='lat' dir='ltr'><strong>suo</strong></span> <span class='ocrx_word' id='word_1_304' title='bbox 1990 2254 2075 2286; x_wconf 83' lang='lat' dir='ltr'><strong>ro-</strong></span> 
     </span>
     <span class='ocr_line' id='line_1_35' title="bbox 293 2293 2078 2363; baseline 0.004 -20"><span class='ocrx_word' id='word_1_305' title='bbox 293 2293 421 2343; x_wconf 81' lang='lat' dir='ltr'><strong>bore</strong></span> <span class='ocrx_word' id='word_1_306' title='bbox 443 2293 701 2349; x_wconf 83' lang='lat' dir='ltr'><strong>Atlantes,</strong></span> <span class='ocrx_word' id='word_1_307' title='bbox 727 2295 853 2346; x_wconf 86' lang='lat' dir='ltr'><strong>dum</strong></span> <span class='ocrx_word' id='word_1_308' title='bbox 874 2302 1119 2363; x_wconf 78' lang='lat' dir='ltr'><strong>temporis</strong></span> <span class='ocrx_word' id='word_1_309' title='bbox 1142 2298 1274 2351; x_wconf 77' lang='lat' dir='ltr'><strong>male</strong></span> <span class='ocrx_word' id='word_1_310' title='bbox 1300 2303 1458 2351; x_wconf 86' lang='lat' dir='ltr'><strong>feriati</strong></span> <span class='ocrx_word' id='word_1_311' title='bbox 1485 2302 1636 2352; x_wconf 87' lang='lat' dir='ltr'><strong>horas</strong></span> <span class='ocrx_word' id='word_1_312' title='bbox 1668 2301 1889 2363; x_wconf 78' lang='lat' dir='ltr'><strong>aliquot,</strong></span> <span class='ocrx_word' id='word_1_313' title='bbox 1912 2302 1966 2350; x_wconf 90' lang='lat' dir='ltr'><strong>in</strong></span> <span class='ocrx_word' id='word_1_314' title='bbox 1983 2302 2078 2350; x_wconf 83' lang='lat' dir='ltr'><strong>La-</strong></span> 
     </span>
     <span class='ocr_line' id='line_1_36' title="bbox 289 2358 2078 2430; baseline 0.004 -25"><span class='ocrx_word' id='word_1_315' title='bbox 289 2358 367 2406; x_wconf 87' lang='lat' dir='ltr'><strong>tio</strong></span> <span class='ocrx_word' id='word_1_316' title='bbox 389 2368 674 2422; x_wconf 77' lang='lat' dir='ltr'><strong>graecam-es,</strong></span> <span class='ocrx_word' id='word_1_317' title='bbox 689 2359 1034 2416; x_wconf 78' lang='lat' dir='ltr'><strong>comburunt3</strong></span> <span class='ocrx_word' id='word_1_318' title='bbox 1071 2367 1120 2415; x_wconf 73' lang='grc' dir='ltr'><strong>ὅ(</strong></span> <span class='ocrx_word' id='word_1_319' title='bbox 1146 2376 1319 2416; x_wconf 87' lang='lat' dir='ltr'><strong>tamen</strong></span> <span class='ocrx_word' id='word_1_320' title='bbox 1330 2366 1400 2418; x_wconf 26' lang='lat' dir='ltr'><strong>*acl</strong></span> <span class='ocrx_word' id='word_1_321' title='bbox 1421 2363 1590 2415; x_wconf 69' lang='lat' dir='ltr'><strong>cursus</strong></span> <span class='ocrx_word' id='word_1_322' title='bbox 1614 2363 1949 2430; x_wconf 86' lang='lat' dir='ltr'>philosophici</span> <span class='ocrx_word' id='word_1_323' title='bbox 1970 2379 2078 2413; x_wconf 88' lang='lat' dir='ltr'><strong>me-</strong></span> 
     </span>
    </p>
   </div>
   <div class='ocr_carea' id='block_1_3' title="bbox 290 2420 2076 2550">
    <p class='ocr_par' dir='ltr' id='par_1_4' title="bbox 290 2420 2076 2550">
     <span class='ocr_line' id='line_1_37' title="bbox 290 2420 2076 2488; baseline 0.003 -19"><span class='ocrx_word' id='word_1_324' title='bbox 290 2431 427 2474; x_wconf 87' lang='lat' dir='ltr'><strong>tam,</strong></span> <span class='ocrx_word' id='word_1_325' title='bbox 447 2420 745 2486; x_wconf 85' lang='lat' dir='ltr'><strong>epomidem</strong></span> <span class='ocrx_word' id='word_1_326' title='bbox 768 2421 1074 2487; x_wconf 66' lang='lat' dir='ltr'><strong>exspe&amp;ant,</strong></span> <span class='ocrx_word' id='word_1_327' title='bbox 1096 2443 1161 2483; x_wconf 84' lang='lat' dir='ltr'><strong>an</strong></span> <span class='ocrx_word' id='word_1_328' title='bbox 1190 2441 1247 2482; x_wconf 82' lang='lat' dir='ltr'><strong>ut</strong></span> <span class='ocrx_word' id='word_1_329' title='bbox 1271 2430 1495 2487; x_wconf 68' lang='lat' dir='ltr'><strong>lacerent</strong></span> <span class='ocrx_word' id='word_1_330' title='bbox 1521 2428 1789 2488; x_wconf 64' lang='lat' dir='ltr'>clitellarii,</span> <span class='ocrx_word' id='word_1_331' title='bbox 1809 2442 1874 2482; x_wconf 68' lang='lat' dir='ltr'><strong>an</strong></span> <span class='ocrx_word' id='word_1_332' title='bbox 1908 2440 1963 2478; x_wconf 89' lang='lat' dir='ltr'><strong>ut</strong></span> <span class='ocrx_word' id='word_1_333' title='bbox 1992 2442 2076 2477; x_wconf 88' lang='lat' dir='ltr'><strong>or-</strong></span> 
     </span>
     <span class='ocr_line' id='line_1_38' title="bbox 294 2481 1011 2550; baseline 0.003 -16"><span class='ocrx_word' id='word_1_334' title='bbox 294 2495 419 2535; x_wconf 77' lang='lat' dir='ltr'><strong>nent</strong></span> <span class='ocrx_word' id='word_1_335' title='bbox 437 2481 624 2550; x_wconf 73' lang='lat' dir='ltr'>sophi,</span> <span class='ocrx_word' id='word_1_336' title='bbox 651 2498 763 2537; x_wconf 82' lang='lat' dir='ltr'><strong>non</strong></span> <span class='ocrx_word' id='word_1_337' title='bbox 775 2485 1011 2543; x_wconf 68' lang='lat' dir='ltr'>dixerim.</span> 
     </span>
    </p>
   </div>
   <div class='ocr_carea' id='block_1_4' title="bbox 1805 2615 2013 2677">
    <p class='ocr_par' dir='ltr' id='par_1_5' title="bbox 1805 2615 2013 2677">
     <span class='ocr_line' id='line_1_39' title="bbox 1805 2615 2013 2677; baseline 0 -12"><span class='ocrx_word' id='word_1_338' title='bbox 1805 2615 2013 2677; x_wconf 67' lang='lat' dir='ltr'><strong>tIAEUC:</strong></span> 
     </span>
    </p>
   </div>
  </div>
 </body>
</html>
