2177 2905
700 118 881 180 Oedipus
902 117 1113 181 Phyficus.
1650 129 1734 176 191

51 210 165 265 tius,
184 209 329 274 quod
349 208 435 261 ubi
452 211 503 260 in
521 210 741 277 pluribus
758 210 921 261 liberis
939 210 986 260 se
1002 211 1048 260 se
1063 213 1285 262 Matrem
1303 205 1581 276 probaffet,
1606 209 1657 258 in
1677 207 1798 266 aliis,

49 285 252 335 mutato
272 272 411 329 sexu,
431 275 631 324 Patrem
660 275 705 323 se
726 271 1102 324 demonstravit.

144 347 148 378 ἱ
176 336 376 389 LEUC:
459 337 636 387 Prodit
666 338 767 395 jam
802 337 936 387 aliud
967 334 1258 389 monstrum
1282 351 1342 387 ex
1377 334 1558 401 Augiae
1599 331 1797 386 stabulo

47 398 399 466 portentosum
414 433 428 455 ,
447 400 511 449 de
528 415 637 464 quo
660 400 847 465 Sphinx
867 399 1245 467 Philosophica:
1419 454 1425 455 γ

301 462 529 525 Dissimilis
545 468 705 516 Patri,
725 466 784 512 (φ
800 465 973 516 Matri,
995 464 1160 523 diversit
1178 463 1341 525 figura,

304 524 465 587 Confiefi
477 530 669 588 generis,
686 529 837 587 generi
854 543 934 574 non
958 538 1059 589 apta
1067 538 1274 590 propago,

303 592 378 638 Ex
399 590 497 649 alijs
516 588 681 645 nascor,
707 606 781 636 nec
790 601 872 651 per
895 606 964 637 me
979 591 1162 653 naftitur
1181 594 1302 640 ullus.

48 652 112 704 Et
135 652 256 717 quid
277 653 341 702 ad
357 649 443 701 ista
469 652 728 717 Oedipus?
792 654 949 700 MEL:
1018 655 1088 702 Ex
1108 653 1285 704 Africa
1308 653 1415 705 haec
1434 649 1659 704 monstra
1681 664 1798 718 pro-

52 715 174 771 fers,
197 717 223 766 ὲ
247 731 370 779 qua,
390 711 510 763 teste
531 713 845 779 Philosopho
860 748 872 769 ‚
886 715 1053 776 semper
1075 717 1236 779 aliquid
1265 722 1383 767 novi.
1452 720 1591 768 Nam
1619 717 1797 764 nonin

51 777 345 828 hominibus
378 776 543 829 modo
559 811 572 833 ‚
591 779 673 827 sed
697 780 848 827 etiam
872 780 1058 834 Brutis,
1081 781 1284 830 Natura:
1315 796 1531 835 errores,
1560 778 1799 845 prodigiis

48 841 295 906 suppares,
315 840 342 890 a
364 841 510 889 nobis
534 841 715 906 suspici,
733 838 864 889 testis
888 839 957 890 est
975 842 1209 905 frequens
1228 845 1542 908 experientia.
1611 843 1800 892 Primas

48 901 136 954 hic
151 905 384 953 obtinent
404 902 627 953 monstra
648 906 799 952 tertiae
818 904 1017 969 speciei,
1038 919 1146 967 quae
1166 908 1218 954 in
1251 908 1429 960 Mulis‚
1450 910 1499 957 ὃ(
1525 903 1801 970 Leopardis

53 967 282 1030 quotidie
311 968 469 1016 oculis
496 968 806 1032 usurpamus:
844 966 908 1016 fic
934 974 1081 1015 canes
1111 969 1312 1019 Indicos
1339 969 1636 1020 Alexandro
1663 966 1802 1015 obla-

54 1042 136 1079 tos
156 1031 390 1094 legimus,
414 1032 500 1092 qui
520 1031 581 1078 de
606 1035 730 1077 cane
745 1063 757 1084 ‚
783 1034 831 1080 ὃς
853 1029 1090 1094 Tygride,
1111 1043 1194 1080 aut
1215 1032 1419 1092 decane
1434 1066 1447 1086 ‚
1469 1036 1517 1082 ὅ(
1541 1032 1665 1096 lupo
1686 1044 1803 1094 pro-

53 1091 189 1143 diere
210 1092 449 1158 Lyciscae:
487 1092 735 1142 Heliodus
760 1092 984 1142 describit
1003 1092 1305 1148 monstrum,
1319 1095 1465 1159 quod
1486 1095 1583 1148 ante
1607 1097 1710 1143 Leo,
1732 1108 1802 1138 re-

53 1154 207 1220 trbque
224 1160 394 1209 Draco,
424 1155 687 1219 mediamque
700 1158 887 1217 Capella:
923 1155 1033 1207 imo
1058 1173 1150 1207 nec
1164 1159 1413 1208 Helicone
1432 1154 1652 1208 omuino
1677 1154 1800 1205 ebri-

52 1235 137 1277 us,
160 1219 470 1286 despumavit
489 1219 626 1269 Naso
650 1220 753 1269 hoc
770 1220 1094 1283 paradoxon.-

279 1279 417 1347 Qaq}
443 1284 637 1332 Chimera
648 1284 800 1344 jugum
816 1317 828 1334 ‚
855 1285 1005 1344 medijs
1021 1287 1066 1330 in
1086 1284 1288 1346 partibus
1304 1287 1485 1339 hircum,

277 1347 453 1398 Pectus,
475 1348 531 1394 (9⁸
550 1363 626 1393 ora
645 1349 740 1401 leae,
767 1348 941 1393 eandam
955 1348 1163 1409 serpentis
1190 1349 1388 1397 habebat.

53 1412 195 1464 Nam
215 1409 437 1459 referunt
455 1410 585 1468 juxta
609 1410 783 1460 Phasin
801 1444 812 1464 ,
837 1410 1048 1459 fluvium
1069 1413 1409 1468 Colchorum,
1429 1411 1556 1462 nasci
1573 1409 1804 1476 Tragela-
1833 1422 1951 1468 Κέω,

53 1474 209 1541 phos,
235 1473 392 1538 specie
410 1489 588 1521 cervos
605 1506 617 1526 ‚
640 1472 791 1522 barba
810 1487 999 1527 tamen⁷
1025 1472 1250 1539 villisque
1269 1493 1532 1525 armorum
1552 1476 1736 1527 hircos,
1749 1485 1804 1523 ut
1835 1484 2015 1533 Tenon

52 1536 184 1587 adeo
205 1552 384 1585 verum
405 1535 461 1584 fit
476 1570 489 1589 ‚
510 1552 619 1585 non
637 1553 817 1585 omnes
842 1538 1166 1587 hircocervos
1198 1539 1509 1604 Philosophis
1530 1537 1802 1604 impossibi-

54 1601 140 1652 les.
208 1602 287 1650 Sic
312 1601 363 1646 in
383 1601 597 1664 Necippi
626 1600 809 1665 pascuis
824 1602 1055 1649 Leonem
1083 1603 1144 1649 ab
1159 1604 1275 1652 Ove
1294 1604 1637 1667 progenitum,
1657 1600 1800 1651 AElia-
1832 1623 1877 1666 in
1890 1633 1990 1665 var,

57 1680 151 1715 nus
174 1662 243 1713 cst
264 1662 489 1713 Author.
555 1662 684 1712 Illud
710 1678 919 1727 quoque
948 1664 1134 1713 animal
1160 1668 1429 1714 attonitam
1460 1665 1632 1714 habuit
1662 1663 1800 1713 Afri·
1829 1683 1924 1737 hist·

56 1744 198 1782 cam,
219 1730 269 1777 in
288 1726 424 1782 cujus
453 1725 606 1774 dorso
636 1726 743 1775 duae
768 1728 908 1775 lineae
939 1729 1301 1790 procurrebant
1332 1729 1509 1777 colore
1531 1728 1695 1780 flavo,
1716 1726 1799 1775 de·
1827 1743 2010 1795 Scarlat‘

57 1791 267 1841 sinentes
287 1793 337 1839 in
361 1804 534 1838 aurem
549 1823 561 1843 ‚
587 1793 635 1839 ὅ(
657 1791 865 1839 oculum
883 1824 895 1844 ‚
914 1786 1031 1839 licet
1049 1792 1262 1840 modico
1282 1792 1547 1841 intervallo
1579 1802 1797 1855 quatuor
1827 1812 1879 1856 de
1900 1821 2017 1857 mon,

59 1854 254 1918 insuper
279 1867 444 1904 aures‚
497 1855 545 1900 ὅ(
569 1853 704 1900 oculi
723 1865 1015 1916 apparerent
1050 1870 1061 1900 z
1128 1856 1277 1918 pedes
1296 1857 1364 1903 illi
1387 1856 1698 1920 multiplices,
1712 1854 1798 1917 qui
1816 1873 1933 1927 stris·

57 1916 122 1967 fic
143 1930 409 1965 recurvum
430 1914 696 1987 cingebant
717 1930 927 1981 corpus.
951 1927 1005 1963 ut
1031 1917 1081 1963 in
1102 1931 1458 1980 quamcunque
1482 1931 1674 1982 partem
1700 1916 1800 1966 vel-

55 1981 150 2034 let,
169 1981 214 2028 sc
236 1977 520 2028 commode
542 1978 785 2027 volveret.
886 1970 1012 2028 N'bn
1034 1979 1258 2029 dissimile
1275 1979 1392 2030 huic
1409 1981 1619 2030 alterum
1643 1979 1803 2029 visum
1833 1999 1954 2049 Idem

61 2041 158 2098 est,
194 2042 488 2106 quadriceps
509 2073 522 2092 ,
553 2042 792 2104 capitibus
825 2040 891 2090 fic
918 2044 968 2089 in
1001 2043 1236 2092 ordinem
1268 2044 1472 2097 locatis,
1496 2057 1552 2092 ut
1586 2057 1805 2105 quatuor

58 2107 244 2160 Mundi
272 2107 434 2171 plagas
461 2106 770 2168 respicerent.
870 2104 1010 2168 Qid
1027 2107 1126 2161 jam
1144 2107 1307 2156 dicam
1332 2106 1393 2155 de
1415 2104 1674 2162 monstris,
1696 2121 1807 2170 quae

59 2183 166 2221 tam
188 2171 339 2222 mira,
363 2172 411 2218 ὅ(
435 2170 567 2216 varia
587 2168 669 2215 alit
695 2170 955 2220 Oceanus,
981 2180 1036 2215 ut
1068 2167 1417 2220 monstrorum
1445 2171 1808 2220 Proto-Parcus

59 2231 244 2284 merito
264 2231 552 2297 appelletur.
621 2232 837 2280 Nullum
859 2233 1238 2295 propemodum
1268 2233 1451 2282 animal
1478 2235 1702 2282 nutriunt
1720 2234 1808 2298 syl-

60 2313 135 2346 vae
150 2331 166 2349 .
185 2296 380 2345 nullum
401 2293 580 2342 educat
596 2296 706 2346 aer,
727 2296 869 2357 quod
893 2309 999 2343 non
1029 2296 1317 2345 abortivum
1337 2298 1388 2345 in
1411 2297 1590 2360 piscem
1614 2297 1806 2345 formet

60 2356 340 2410 monstrosa
362 2356 565 2420 Thetys.
633 2358 941 2422 Stupefceres
961 2360 1010 2406 in
1031 2359 1125 2407 hac
1148 2360 1434 2424 prodigiosa
1458 2363 1684 2425 Neptuni
1703 2362 1804 2410 Re-

63 2420 144 2490 gia
166 2421 541 2485 amphibiorum
563 2420 847 2469 innumeras
870 2422 1046 2485 species
1063 2455 1078 2475 ,
1095 2437 1206 2484 quae
1222 2420 1376 2475 terra,
1398 2421 1625 2488 marique
1648 2425 1804 2473 vitam
1881 2429 1888 2431 “

63 2488 245 2536 vivunt
269 2483 530 2532 humidam
551 2481 696 2532 simul
710 2516 724 2537 ,
747 2488 795 2535 &
814 2484 1012 2533 liccam.
1109 2488 1161 2535 N
1168 2501 1269 2536 unc
1283 2489 1475 2539 audires
1497 2504 1680 2538 canum
1701 2507 1807 2540 rna-

64 2552 299 2602 tinorum
321 2547 550 2606 latratus,
581 2547 864 2600 Porcorum
886 2549 1174 2614 grunnituS‚
1195 2551 1346 2603 Bocae
1375 2558 1621 2619 mugitus:
1666 2569 1802 2604 nunc

1602 2616 1736 2668 vide-
