2205 2905
668 92 802 142 Atlas·
828 89 1167 156 Philoffiphicm.'
1705 105 1767 157 29

72 186 169 241 effe
191 189 429 254 ignitum,
457 185 546 252 qui
566 183 633 236 fic
654 186 882 237 tenderet
908 186 973 237 ad
994 198 1227 238 centrum
1256 184 1457 239 sursum.
1537 183 1688 238 Thefi
1710 185 1834 252 saepe

71 255 231 303 unicae
254 264 420 302 totam
443 249 652 300 nostem
678 249 952 317 impendit,
972 253 1025 302 <Sc
1052 266 1179 300 mox
1204 263 1427 317 repetere
1454 251 1634 302 volens
1659 253 1835 302 inven-

70 327 123 365 ta
144 316 467 366 exclamavit:
505 317 540 360 Ο
554 312 592 372 fi
619 326 663 360 te
690 315 878 362 homines
901 313 1090 373 ndffiznt!
1124 313 1246 364 cum
1275 315 1538 379 disputaret
1561 314 1623 364 de
1644 326 1835 365 creatu-

69 381 134 428 ris
149 413 162 433 ,
188 379 251 428 fic
272 374 530 444 praemiffas
562 377 821 442 disposuit,
842 390 896 427 ut
918 377 1179 427 conclusio
1203 377 1320 426 effer
1341 378 1402 426 de
1422 380 1692 429 Creatore:
1738 395 1775 427 o
1817 408 1837 418 ·

68 440 191 492 time
212 439 620 506 Philosophatus,
645 440 728 489 etsi
751 442 860 506 plus
882 441 1115 497 inferret,
1136 457 1260 490 nam
1285 443 1484 491 nullum
1519 444 1698 492 vitium
1713 475 1725 498 ,
1745 458 1779 491 u
1816 444 1834 493 i

66 507 220 555 virtus
244 503 427 570 probat
455 506 866 568 connexionem..
951 505 1092 554 Cum
1118 504 1331 555 Coelum
1354 506 1611 570 aspiceret,
1632 506 1732 563 jam
1760 506 1833 555 illi

60 567 295 619 sordebat
315 580 472 622 terra,
490 563 664 630 ibique
698 566 855 632 magis
881 569 1110 622 vivebat,
1130 565 1238 631 quo
1267 568 1533 633 aspirabat,
1555 567 1711 632 quam
1742 567 1830 619 ubi

63 630 96 681 s
118 630 288 682 irabat.
390 633 510 680 Haec
527 632 656 679 inter
677 627 835 679 studia
863 632 930 678 illi
954 634 1163 680 unicum
1196 633 1428 686 taedium,
1459 632 1641 692 delieijs
1678 633 1831 687 eoele-

62 697 82 745 1
108 696 214 744 ibus
234 694 513 749 abundare:
549 693 656 744 haec
677 695 744 743 illi
778 696 991 744 tentatio
1014 697 1185 749 unica,
1214 711 1278 743 ne
1314 694 1341 744 a
1370 696 1545 760 pluteo
1575 709 1831 761 raperetur

64 758 130 809 ad
148 759 385 812 Coelum,
410 774 473 806 ne
496 772 662 822 penna
678 791 690 811 ,
717 772 816 821 qua
843 757 1091 811 scriberet,
1112 761 1157 806 ei
1177 758 1383 808 adderet
1399 760 1496 808 alas
1512 793 1525 814 ,
1544 775 1602 808 ac
1623 760 1687 809 ad
1708 759 1830 808 side-

64 836 119 871 ra
148 821 430 870 transferret
456 822 689 871 invitum.
760 820 889 870 Illud
917 821 1021 870 hoc
1040 823 1094 871 in
1117 820 1430 887 Philosopho
1458 826 1666 878 mirum,
1683 823 1830 885 quod

68 885 410 935 meditationis
434 895 631 948 tempus
654 884 721 933 illi
743 886 910 934 omnis
930 884 1075 939 hora,
1097 887 1401 936 Oratorium
1422 897 1561 936 totus
1581 886 1829 941 MundUS,

65 949 349 998 monitores
387 945 584 1010 singulae
626 959 886 1001 creaturae,
922 947 1196 998 visitatores
1225 948 1442 1015 Angeli,
1478 952 1531 1001 ὃς
1567 965 1678 998 non
1708 947 1826 999 raro

70 1008 309 1061 Christus,
395 1012 524 1059 Eece
552 1009 875 1064 Leucothee,
914 1011 1280 1076 Philosophum
1307 1013 1623 1078 paradoxum
1643 1046 1657 1068 ,
1686 1014 1826 1072 cujus

69 1090 135 1123 ne
158 1076 327 1140 primis
347 1072 481 1130 labiis
503 1070 660 1122 libasti
689 1072 906 1122 faustam
934 1073 1335 1140 Philosophiam,
1356 1076 1442 1126 nisi
1471 1076 1536 1125 sic
1561 1079 1612 1126 in
1632 1079 1826 1141 Peripa-

68 1150 126 1186 to
148 1138 398 1191 ambules,
422 1149 475 1184 ut
500 1137 607 1201 plus
640 1135 868 1200 proficias
896 1139 947 1186 in
976 1137 1145 1186 schola
1177 1137 1408 1192 affeetu&
1442 1139 1529 1189 nisi
1553 1142 1826 1190 Scientiam

67 1201 1064 1265 promoveat-virtus,virtutemSeientia:
1095 1214 1220 1250 nota
1240 1203 1372 1254 bene
1390 1202 1498 1254 haec
1521 1203 1688 1259 verba,
1702 1218 1826 1254 nam

64 1266 333 1330 Ignatianae
357 1265 621 1313 continent
641 1265 901 1328 epitomen
923 1263 1271 1329 Philosophiae.

195 1328 392 1379 LEUC:
462 1329 514 1376 N
519 1344 555 1375 a:
575 1339 630 1376 tu
651 1329 815 1390 paucis
835 1326 958 1375 mihi
978 1328 1198 1390 loqueris
1211 1329 1395 1379 multa:
1420 1329 1523 1381 hoc
1542 1346 1702 1381 unum
1717 1331 1823 1396 plu-

66 1391 200 1441 ribus
223 1391 346 1440 mihi
366 1389 548 1454 magis,
570 1390 759 1452 quaeso,
782 1389 1025 1444 declares,
1051 1407 1159 1453 quae
1192 1392 1523 1444 fundamenta
1553 1397 1821 1459 Ignatianae

67 1455 211 1512 hujus
241 1453 596 1518 Philosophiae?
679 1455 835 1499 MEL:
943 1455 1162 1505 Unicum
1185 1489 1198 1510 ,
1241 1457 1396 1518 quod
1417 1458 1575 1522 ipsum
1613 1459 1819 1513 docuit,

67 1516 314 1582 quodque
339 1516 434 1581 ipse
459 1517 581 1566 alios
605 1516 795 1565 docuit.
864 1517 1039 1567 Haufit
1057 1517 1180 1566 illud
1205 1534 1262 1567 ex
1280 1521 1455 1570 Martis
1476 1518 1696 1571 Palaestra
1719 1523 1818 1572 Mi-

64 1584 162 1636 les3
195 1597 318 1631 nam
345 1579 464 1629 cum
495 1580 715 1644 Polyaeni
746 1577 1088 1645 stratagemata
1115 1579 1428 1646 perlustraret
1446 1618 1459 1640 ,
1492 1584 1612 1633 leoit
1639 1583 1820 1636 Cofin-

65 1661 208 1711 gam,
237 1643 370 1708 apud
391 1642 608 1693 Thracas
637 1643 993 1700 Sacerdotem,
1025 1660 1083 1694 ae
1113 1645 1175 1693 de
1194 1649 1352 1710 gentis
1381 1664 1528 1698 more
1541 1623 1819 1698 Tzelli-Du-

62 1707 340 1763 cem,c[1m
373 1706 703 1756 detreetarent
729 1709 1000 1772 imperium
1030 1708 1233 1764 subditi,
1265 1709 1450 1781 ligneas
1483 1711 1630 1761 scalas
1661 1711 1820 1776 quam

61 1773 326 1838 plurimas,
361 1767 689 1834 ingentesque
727 1768 982 1827 construi,
1015 1775 1064 1823 ὃ(
1096 1774 1211 1822 alias
1242 1775 1342 1832 aliis
1372 1777 1572 1840 imponi
1603 1773 1818 1832 curasse,

64 1835 243 1899 quibus
264 1837 316 1882 in
339 1834 551 1883 Coelum
589 1835 652 1881 ad
674 1836 937 1892 Junonem
971 1835 1033 1883 de
1065 1842 1388 1886 contumacia
1420 1836 1817 1903 expostulaturus
1885 1865 1894 1869 s

63 1898 361 1948 ascenderet.
462 1899 523 1945 Et
554 1898 764 1949 Hercle,
794 1893 995 1962 stropha
1024 1899 1157 1947 cessit
1198 1915 1255 1947 ex
1288 1899 1518 1964 Cosingae
1548 1901 1814 1950 sententia:

61 1978 184 2012 nam
207 1960 310 2010 hoc
336 1959 470 2009 faeto
494 1956 740 2023 stupidam
764 1959 965 2024 plebem
991 1960 1056 2009 sic
1077 1961 1308 2025 perculit,
1331 1975 1384 2012 ut
1413 1963 1457 2011 se
1480 1962 1816 2029 imposterum

59 2025 198 2076 disto
220 2023 506 2073 audientem
521 2056 534 2077 ,
557 2018 750 2085 rite'que
770 2022 1037 2079 subjestam
1057 2027 1168 2073 fore
1182 2024 1502 2091 ,interposita
1522 2029 1814 2078 Sacramen·
1880 2062 1882 2065 -

61 2092 100 2138 ti
120 2088 361 2150 religione
383 2083 727 2150 obstringeret.
831 2088 973 2136 Vidit
995 2089 1237 2151 Ignatius,
1262 2090 1404 2151 quod
1431 2092 1482 2139 in
1503 2094 1812 2142 veteratorio

63 2149 273 2201 artificio
303 2166 420 2198 cum
454 2150 617 2198 frustu
644 2150 958 2198 aemularetur
978 2151 1333 2217 Philosophus,
1358 2154 1552 2203 futurus
1571 2153 1712 2205 brevi
1731 2157 1814 2205 Sa-

63 2214 267 2267 cerdos,
291 2209 569 2275 Gentisque
591 2228 738 2262 novae
761 2214 823 2261 ad
842 2215 1053 2263 Coelum
1077 2215 1272 2264 dustor.
1386 2217 1527 2268 Vidit
1550 2218 1811 2270 Mundum

62 2277 452 2327 detreftaturum
468 2277 699 2340 imperia,
725 2275 814 2326 nisi
844 2277 987 2327 scalas
1019 2277 1102 2327 sibi
1121 2312 1133 2333 ,
1163 2274 1358 2343 suisque
1390 2294 1605 2345 pararet,
1630 2283 1812 2346 quibus

61 2340 438 2392 minitaretur,se
451 2339 618 2388 Sidera
630 2340 1093 2393 conscensurum‚ut
1114 2343 1245 2407 apud
1269 2345 1489 2394 divinam
1504 2346 1809 2410 Sapientiam

59 2404 84 2462 (
104 2404 373 2453 meliorem
400 2404 662 2462 Junonem
686 2401 711 2460 )
740 2404 802 2453 de
827 2404 1114 2454 Rebellium
1145 2409 1467 2457 contumacia
1501 2423 1809 2472 quereretur,

63 2465 180 2518 lmo
197 2501 208 2517 ,
230 2465 372 2529 quod
394 2483 500 2515 non
521 2466 605 2514 nifi
625 2468 835 2516 inaniter
858 2469 1156 2525 jactitavemt
1179 2470 1415 2535 Cosinga,
1436 2472 1517 2522 hic
1550 2473 1654 2536 ipso
1685 2488 1805 2538 ope-

59 2546 113 2585 re
139 2527 380 2599 praestitit:
414 2531 604 2599 paravit
629 2529 774 2585 scalas
790 2563 804 2588 ‚
825 2531 1031 2650 oCsswus
1059 2532 1142 2585 hic
1165 2534 1316 2587 Orbis
1336 2536 1538 2603 Sapiens
1563 2539 1802 2651 Piraeicus:

968 2609 992 2657 3
1583 2616 1636 2653 m
1675 2611 1746 2653 tut
