2160 2916
374 92 466 141 108
573 99 585 105 ”
910 83 1042 148 Scylla
1063 79 1190 161 argus
1216 79 1458 146 Charybdis.

307 187 569 238 observata
588 216 602 239 ,
638 178 783 246 quod
803 194 913 244 quae
931 179 995 230 de
1022 179 1102 229 die
1131 175 1473 229 solummodo
1508 175 1679 244 septies
1699 209 1713 234 ‚
1747 175 1810 229 de
1838 175 1990 229 noste
2010 175 2085 229 bis

305 254 476 315 septies
498 259 718 313 repetat,
755 244 826 294 ob
851 246 974 294 aeris
1009 243 1244 294 nocturni
1279 241 1691 305 tranquillitatem
1724 260 1735 291 :
1782 241 2088 318 deprehensa
2158 275 2159 282 κ

308 317 380 367 est
410 314 504 362 alia
530 306 683 361 mane
709 343 724 364 ‚
751 309 846 359 alia
877 307 1064 373 vesperi
1091 339 1103 361 ‚
1137 304 1344 356 Prothei
1384 307 1437 354 in
1472 322 1697 355 morem.
1786 307 1904 356 Imo
1926 319 2088 357 vento

311 377 543 444 quolibet
562 375 769 426 vertitur
793 390 803 421 :
839 374 1025 422 Romae
1044 367 1208 420 Borea
1238 368 1392 418 flante
1418 371 1620 419 resumit
1644 372 1772 420 vires
1796 403 1810 425 ‚
1847 369 2088 418 flaccescit

222 474 260 520 5?
310 446 525 510 spirante
548 434 775 488 Austro:
812 434 1114 484 humoribus
1146 435 1331 497 regitur
1358 466 1372 487 2
1408 448 1527 481 nam
1557 433 1848 482 cadentibus
1883 433 2087 498 pluviis,

62 480 94 589 ᾗ·
116 475 279 594 Ῑ’νζῗκ[”
312 501 608 566 nivibusque
635 498 810 550 obtusa
834 502 883 548 δε
905 495 1292 551 melancholica,
1311 491 1426 560 post
1443 496 1613 545 nubila
1634 497 1920 561 splendente
1940 495 2089 545 Phoe-

100 551 155 601 ‘p
270 574 281 584 '
314 572 387 621 bo
422 583 547 617 mox
577 566 789 614 alacrior
816 562 1052 610 resonat:
1111 560 1272 610 verbo
1308 592 1320 614 ‚
1357 559 1391 608 si
1428 562 1728 609 Lunaticam
1765 561 1896 609 dicas
1921 594 1933 615 ‚
1970 559 2091 608 dicis

151 616 193 659 3‘
315 631 462 698 quod
483 644 559 679 res
580 624 675 682 est,
710 642 830 675 nam
849 625 1144 675 mutabilior
1164 621 1310 674 Luna
1326 655 1340 679 ,
1375 623 1671 675 Vertumno
1697 624 1860 675 levior
1878 657 1893 679 ‚
1925 626 1979 673 in
1997 622 2090 673 fin-

318 697 458 763 gulas
482 693 577 742 sese
603 692 759 741 variat
791 691 908 739 anni
928 693 1105 753 parteS.

65 796 103 844 c
178 808 196 839 ς
210 795 225 842 l
480 755 678 807 LEUC:
733 753 970 825 Agnovit
990 766 1201 816 quoque
1221 750 1482 800 Lucretius
1503 749 1667 801 Echus
1692 749 1996 801 muliebrem
2021 750 2097 800 in-

66 810 174 905 dam
230 804 303 883 ⁹4⁰,
323 822 500 873 dolem
516 854 529 875 ,
566 835 623 868 ex
637 816 741 867 hoc
757 812 1001 882 praecipue
1025 850 1039 871 ,
1076 813 1221 878 quod
1251 812 1381 864 adeo
1401 815 1542 864 subin
1566 816 1836 879 loquacula
1857 849 1871 870 ‚
1907 828 1962 866 ut
1981 831 2094 865 ean-

97 876 218 905 erer.
322 887 445 939 dem
469 898 659 936 vocem
679 881 801 946 saepe
823 879 989 945 saepius
1019 891 1211 944 repetat
1236 896 1247 926 τ

67 934 160 970 nat.

104 979 107 982 ’
569 982 652 1026 Sex
672 977 804 1024 etiam
830 1009 844 1031 ‚
879 988 956 1022 aut
970 972 1130 1035 ft’ptern
1151 1009 1162 1025 ,
1188 961 1279 1020 lora
1304 974 1401 1020 vidi
1421 975 1594 1021 reddere
1611 989 1760 1027 voces,

577 1043 722 1089 Unam
741 1040 836 1086 edm
850 1039 1019 1098 jaceres
1044 1057 1056 1085 :
1095 1041 1162 1084 ita
1197 1036 1509 1084 colles-'collibus
1538 1037 1633 1099 ipsis

575 1103 720 1154 Verba
748 1102 1004 1166 repulfimtes
1026 1098 1249 1149 iterabant
1271 1099 1384 1148 ιίἰὲἶιι
1406 1097 1589 1159 referre.

60 347 220 406 Kirch.

53 415 265 477 phonurg.

318 1206 381 1257 Et
402 1198 527 1256 vero
549 1203 601 1252 in
625 1201 792 1251 Ticini
816 1194 983 1249 castro
1015 1195 1037 1254 <
1058 1194 1271 1246 Bafilicae
1293 1195 1478 1245 Ducali
1514 1194 1617 1244 hoc
1649 1209 1846 1245 nomen
1873 1190 1983 1252 est)
2021 1207 2098 1246 ter

321 1270 485 1318 decies
508 1282 610 1317 vox
630 1265 811 1314 eadem
840 1257 1116 1327 repercussa
1137 1259 1266 1309 redit
1287 1291 1300 1313 ,
1336 1257 1468 1309 d’deo
1483 1256 1649 1307 exacta
1667 1259 1963 1324 syllabarum
1984 1275 2098 1307 om-

321 1335 467 1382 nium
489 1328 711 1395 emphasi
733 1361 747 1383 ,
783 1339 837 1377 ut
858 1326 1008 1375 multi
1027 1340 1136 1373 non
1165 1336 1352 1372 naturae
1382 1323 1433 1371 id
1455 1321 1549 1370 effe
1580 1338 1708 1387 opus
1728 1355 1742 1377 ‚
1777 1321 1859 1371 sed
1895 1322 2093 1371 latentis

315 1396 568 1511 &emonis
589 1391 874 1442 illusionem
896 1423 909 1444 ‚
945 1388 1032 1437 sibi
1054 1386 1252 1451 penitus
1283 1385 1650 1450 persuaderent.
1750 1387 1810 1435 In
1838 1386 1955 1436 villa
1994 1386 2099 1449 agri

80 1458 239 1514 Kirch.
312 1480 316 1492 ι
389 1455 718 1507 ediolanenfis
739 1454 979 1520 palatium
1002 1451 1193 1503 visitur,
1212 1464 1322 1497 non
1343 1447 1509 1496 minus
1534 1449 1691 1497 oculo
1715 1448 1777 1498 ab
1789 1460 1919 1503 arte,
1940 1447 2098 1512 quam

78 1522 272 1580 Musitrg.
325 1525 431 1572 auri
450 1521 514 1571 ab
534 1519 677 1570 Echo
695 1514 906 1568 mirifica
930 1512 1250 1580 stupendum.
1319 1513 1459 1560 Nam
1483 1511 1715 1576 prospicit
1748 1527 1805 1560 ex
1830 1513 1935 1561 alto
1960 1512 2099 1560 fene-

136 1587 168 1635 L
189 1599 230 1632 Ι.
326 1584 421 1636 stra
443 1619 455 1642 ‚
491 1600 578 1650 per
601 1598 757 1646 quam
778 1580 812 1629 fi
832 1594 1020 1630 vocem
1049 1579 1242 1626 emittas
1267 1607 1280 1629 ‚
1316 1574 1424 1639 plus
1462 1572 1617 1637 quam
1654 1574 1866 1638 trigesies
1900 1606 1914 1628 ‚
1949 1590 2098 1624 novo

241 1699 247 1705 ,
327 1651 520 1713 semper
557 1647 794 1712 prodigio
819 1675 833 1699 ,
869 1654 1074 1692 mortua
1107 1639 1254 1689 fimul
1291 1641 1341 1687 &
1375 1637 1598 1686 rediviva
1625 1669 1638 1691 ‚
1675 1639 1944 1686 attonitam
1978 1639 2098 1686 rela-

326 1714 464 1763 bitur
491 1713 544 1760 in
565 1725 757 1759 aurem.
790 1706 888 1756 Sed
909 1705 1073 1754 adhuc
1096 1699 1351 1752 sonantius
1372 1717 1468 1766 prae
1485 1700 1668 1749 dolore
1686 1701 1940 1765 immugiit
1952 1702 2099 1750 Mau-

327 1777 537 1828 solaeum
561 1806 574 1828 ‚
611 1771 756 1836 quod
787 1769 1032 1819 defunstae
1055 1767 1266 1817 Caeciliae
1301 1779 1358 1813 ex
1387 1766 1507 1813 vivo
1530 1796 1544 1819 ‚
1580 1760 1851 1827 vocalique
1872 1779 2100 1813 marmo-

326 1855 382 1890 re
405 1848 624 1888 erexerat
640 1834 876 1885 Metellus
903 1852 913 1880 2
950 1847 1071 1881 nam
1094 1846 1160 1879 eo
1183 1840 1287 1878 erat
1305 1826 1515 1877 artificio
1536 1823 1881 1877 construcstum
1895 1861 1907 1882 ‚
1921 1839 1975 1877 ut
1987 1828 2098 1892 plo-

328 1904 551 1954 rantium
573 1900 796 1957 ejulatus,
816 1899 867 1947 ὃς
890 1889 1420 1957 clamores=‚repetitaq3
1441 1892 1493 1939 in
1510 1889 1613 1939 hoc
1632 1891 1771 1940 versu
1793 1891 1974 1955 elogia,
1989 1891 2102 1948 flem-

326 1967 581 2029 perbonos,
603 1962 862 2024 Nomcffnque
883 1974 1023 2013 tunm,
1046 1957 1266 2010 Caecilia,
1291 1954 1508 2016 laudbsque
1536 1953 1790 2005 manebunt,
1806 1955 1858 2002 in
1884 1956 2100 2003 immen-
2157 2004 2160 2005 ⁷

331 2030 443 2081 sum
472 2027 567 2077 sese
606 2026 996 2089 multiplicarent
1020 2055 1034 2077 ,
1071 2022 1198 2070 dum
1233 2021 1285 2067 in
1324 2017 1569 2066 defunetae
1601 2016 1874 2080 gloriosam
1902 2032 2102 2066 memo-

332 2097 462 2143 riam
483 2090 664 2155 duplex
692 2088 774 2136 illa
798 2084 1122 2136 Hecatombe
1150 2116 1164 2138 ‚
1201 2076 1408 2143 ludique
1437 2079 1670 2128 funebres
1699 2079 2097 2129 celebrabantur.

329 2159 448 2212 Nec
469 2169 615 2218 rupes
642 2152 724 2201 illa
748 2150 942 2199 filentio
980 2145 1322 2214 praetereunda
1351 2177 1364 2198 ‚
1400 2143 1536 2200 cujus
1572 2141 1782 2191 artificio
1821 2142 2100 2207 Abyffinos

331 2220 497 2284 Popas
525 2219 646 2283 saepe
665 2216 878 2278 legimus
901 2212 1095 2262 abusos.
1152 2211 1298 2260 Hanc
1317 2208 1512 2258 Natura
1536 2208 1589 2254 in
1607 2205 1868 2255 montibus
1889 2208 2098 2256 Provin-

334 2285 424 2332 ciae
446 2283 673 2346 Goyanae
700 2277 758 2328 ea
786 2273 1045 2326 excavarat
1065 2267 1303 2323 industria
1330 2302 1343 2326 ‚
1379 2282 1434 2318 ut
1465 2285 1619 2320 voces
1655 2273 1707 2318 in
1741 2269 1982 2336 oppositae
2017 2286 2097 2320 ru-

335 2348 410 2412 pis
440 2346 702 2394 cacumine
716 2376 729 2397 ,
753 2338 1001 2391 demissius
1016 2338 1231 2404 prolatas
1246 2369 1259 2391 ‚
1278 2335 1564 2384 Stentoreas
1585 2333 1813 2383 redderet
1833 2351 1844 2380 ε
1882 2334 2100 2382 claman-

337 2411 401 2458 tis
427 2404 552 2457 vero
572 2406 724 2455 sonos
743 2439 756 2460 ‚
785 2407 836 2454 in
859 2418 1063 2453 morem
1087 2395 1352 2452 exercitus,
1373 2399 1500 2446 inter
1522 2397 1670 2452 jubila
1687 2396 2097 2462 tripudianti8‚in-

339 2471 569 2521 tenderet
588 2502 601 2523 ‚
637 2484 694 2517 ac
710 2468 1079 2533 multiplicaret.
1146 2463 1317 2514 Simile
1335 2460 1668 2526 spe&aculum
1695 2460 1940 2511 Vesuvius
1967 2458 2097 2509 exhi-

342 2535 456 2592 bet,
492 2534 651 2588 Mons
668 2531 1011 2598 inCampania
1038 2527 1258 2581 famosus
1284 2558 1298 2583 ‚
1318 2525 1450 2590 quia
1467 2520 1601 2579 male
1627 2523 1871 2579 fumosus·
1936 2523 2097 2634 Ηίἀιε,

1917 2600 1986 2651 po
