2177 2905
447 108 465 141 1
479 107 495 139 1
509 96 533 144 8
990 95 1226 143 Academia
1256 98 1507 144 Brutorum.

372 188 613 244 afferunt,
639 189 945 254 experientiis
963 192 1106 240 certis
1127 202 1232 240 tam
1259 190 1582 256 ponderosas,
1607 202 1661 240 ut
1679 189 1765 241 nifi
1784 191 1938 243 tribus
1959 194 2128 245 litteris

371 267 589 301 omnem
615 250 872 302 historiam
898 254 1116 318 jugules,
1140 256 1338 318 Tyroni
1366 251 1575 304 minime
1613 254 1901 310 solvendas,
1920 258 2128 308 Vetera·

370 331 441 364 no
467 332 576 364 non
596 317 994 365 contemnendas
1015 314 1308 365 existimem.
1377 319 1533 363 MEL:
1601 313 1896 368 Ponderose
1915 331 1970 368 tu
1993 325 2129 384 equi-

371 378 519 431 dem,
546 378 578 426 fi
600 380 794 444 Superis
823 381 1022 444 placet„
1069 380 1336 443 Agedum,
1359 379 1390 428 fi
1427 392 1589 429 tantus
1620 381 1761 430 fucus
1787 384 2045 431 veritatem
2064 387 2128 433 ‚ti-
2169 406 2176 423 e

370 441 420 489 bi
441 442 670 498 obvelat,
694 443 1076 492 removebimus
1100 444 1307 491 larvam.
1378 445 1434 490 In
1460 444 1689 493 medium
1716 443 1834 492 affer
1866 449 2124 495 rationum

369 518 638 554 momenta
653 539 665 560 ,
689 506 999 560 videbimus,
1023 521 1149 554 num
1172 506 1282 555 suus
1304 505 1425 556 desit
1445 508 1675 573 Peripato
1687 508 1923 563 Theseus,
1946 513 2031 572 qui
2052 509 2124 567 ju·
2174 552 2177 553 γ

368 569 507 632 gulet
526 568 663 617 hunc
695 571 1066 619 Minotaurum.

123 630 303 677 Brutor.
496 633 695 683 LEUC:
764 634 814 682 Si
835 634 1007 683 Voces
1028 634 1137 683 sunt
1165 647 1269 682 notae
1298 646 1598 696 conceptuum;
1644 635 1678 685 fi
1704 636 1886 685 Sermo
1908 632 1976 684 est
1996 637 2124 683 Men-

119 690 302 756 loquela.
369 696 424 741 tis
449 697 604 742 Frater
616 719 631 750 ,-
656 695 687 744 si
709 697 892 745 Oratio
914 701 1039 744 Soror
1061 700 1378 757 Intelligentc'ae,
1406 701 1563 748 Brutis
1583 702 1833 748 rationem
1857 701 2020 753 iness'e,
2042 700 2122 749 vel

118 754 302 808 Aristot.
367 758 463 822 ipsa
487 774 668 808 eorum
691 760 896 821 loquela
917 761 1063 808 faciet
1082 759 1418 811 manifestum.
1465 763 1693 818 Cuiusvis
1713 762 1883 825 speciei
1906 778 2074 816 voces,
2095 762 2122 812 a

121 819 266 868 Philo.
369 825 562 871 Natura
591 822 860 876 concess'as,
882 823 1113 872 attentius
1137 825 1365 888 explora,
1390 828 1439 874 ὅ(
1461 840 1579 872 cum
1600 841 1641 871 a.
1664 825 1925 873 Lastantio
1949 826 2119 889 depre-

119 881 322 939 Trtsmeg·
370 885 558 934 hendcs
573 919 584 938 ,
606 886 750 948 quod
772 886 853 935 sua
876 887 1004 934 sensa
1035 891 1084 935 &
1107 890 1494 934 communicent
1517 889 1762 939 invicem,
1786 890 1834 935 δί
1860 902 2012 936 voces
2031 884 2122 938 rite

215 962 241 993 a
368 949 660 998 discernant.
723 950 802 997 Sic
823 950 1019 998 Gallina
1048 952 1260 998 invento
1292 948 1423 1013 piso,
1448 949 1561 999 suos
1579 949 1842 1013 glutiendo
1866 963 2123 999 convocat

118 1005 334 1067 L-3·Infl·
367 1015 621 1077 pipiones,
646 1013 871 1060 clamore
900 1013 1000 1060 alio
1033 1012 1094 1059 ad
1120 1009 1324 1075 ,pastum
1356 1025 1538 1061 evocat
1561 1047 1572 1067 ,
1605 1013 1706 1061 alio
1739 1026 2013 1077 congregat
2033 1014 2119 1074 sub

118 1090 154 1122 c.
170 1086 246 1118 20.
366 1076 464 1124 alas
480 1108 492 1127 ,
514 1079 561 1125 ὅ(
585 1075 741 1123 rursus
764 1075 972 1128 diverso,
993 1073 1027 1122 si
1053 1074 1259 1123 advolet
1278 1076 1477 1129 milvus,
1501 1077 1674 1140 fugam
1694 1075 1830 1132 jubet
1851 1074 2118 1140 capessere:

374 1139 437 1187 sic
464 1153 619 1200 agnus
643 1138 781 1185 mille
804 1139 931 1185 inter
945 1153 1068 1186 oves
1092 1137 1331 1186 oberrans
1355 1139 1574 1187 balatum
1595 1140 1770 1188 Matris
1791 1139 2046 1203 discernit,
2069 1143 2120 1191 <Sc

365 1198 505 1251 anxie
528 1202 767 1262 quaerenti
795 1202 1029 1249 occurrit.
1133 1201 1269 1250 Cum
1293 1201 1491 1251 AEliano
1523 1203 1802 1255 miraberis,
1825 1200 1968 1264 quod
1998 1202 2120 1252 ficut

364 1265 561 1314 diversae
587 1263 861 1312 hominurn
878 1266 1142 1317 Nationes,
1159 1267 1224 1313 ita
1244 1267 1295 1315 ὅ(
1321 1265 1517 1312 diversae
1537 1266 1830 1313 animalium
1851 1265 2030 1329 species
2049 1265 2119 1315 di-

365 1328 508 1378 verso
542 1327 792 1375 Idiomate
825 1339 1059 1375 utantur:
1115 1343 1235 1376 nam
1270 1331 1446 1387 rugiunt
1474 1329 1675 1381 leones,
1709 1331 1904 1388 mugiunt
1931 1328 2117 1384 boveS,

367 1406 490 1441 oves
513 1389 684 1440 balant,
710 1389 951 1437 baubantur
974 1407 1147 1444 canes,
1175 1393 1291 1453 equi
1317 1393 1539 1442 hinniunt,
1565 1391 1681 1439 asini
1710 1393 1890 1442 rudunt,
1918 1390 2118 1438 barriunt

365 1454 651 1518 elephantes
666 1487 678 1506 ‚
713 1468 863 1499 oncant
892 1453 983 1503 urfi
998 1488 1010 1506 ,
1035 1457 1244 1514 ganniunt
1263 1455 1436 1519 vulpes
1452 1488 1465 1507 ,
1485 1456 1654 1501 ululant
1676 1455 1805 1519 lupi,
1823 1457 2015 1513 gratitat
2033 1470 2116 1504 an.

365 1517 462 1569 ser,
479 1519 670 1576 glociunt
693 1517 883 1580 gallinae
899 1551 911 1569 ‚
931 1521 1168 1577 grunniunt
1188 1518 1291 1565 sues
1308 1551 1319 1572 ,
1344 1519 1537 1575 drensant
1565 1520 1738 1581 cygni,
1764 1519 1962 1577 clangunt
1981 1519 2117 1580 aqui-

364 1581 420 1629 lae
437 1613 450 1634 ‚
472 1583 586 1640 pipit
607 1581 783 1643 pafl'er,
804 1581 974 1645 perdix
996 1580 1194 1630 cac-abar,
1217 1594 1370 1627 coaxat
1390 1597 1508 1629 rana
1522 1614 1534 1633 ,
1549 1579 1724 1638 frendet
1747 1597 1864 1644 aper
1878 1613 1891 1634 ›
1912 1581 2117 1644 panthe-

365 1659 417 1692 ra
436 1644 600 1692 curarit,
625 1643 787 1689 hircus
818 1646 976 1692 mutit,
1006 1646 1130 1701 vagit
1157 1643 1320 1705 lepus,
1341 1643 1563 1692 hirundo
1598 1644 1774 1699 trinsat,
1802 1645 1999 1691 ciconia
2021 1645 2116 1701 glo-

364 1717 506 1756 merat,
532 1716 707 1751 remeent
729 1706 885 1760 cervi,
909 1709 1073 1751 cucurit
1093 1705 1248 1768 gallus
1264 1737 1276 1759 ,
1300 1719 1446 1751 orcam
1466 1707 1659 1766 lynces,
1686 1718 1862 1750 runcant
1888 1706 2113 1769 tigrides,

362 1783 479 1818 anas
499 1770 723 1821 tetrinnit‚
744 1782 877 1831 pavo
897 1770 1105 1828 pupillat,
1131 1769 1409 1831 vespertilio
1422 1767 1592 1820 stridet,
1621 1767 1790 1816 cicada
1805 1765 1984 1825 frinnz't,
2004 1784 2116 1818 cor-

303 1858 312 1864 »
363 1847 454 1881 vus
477 1833 680 1882 crocitat,
707 1846 909 1895 merops
931 1831 1175 1881 <izi-aulai«.
1263 1832 1402 1895 Quid
1421 1832 1617 1879 multis?
1655 1831 1942 1894 Zoopaediae
1965 1847 2115 1881 anna-

361 1896 429 1943 les
453 1889 624 1946 lustra,
653 1896 702 1942 ὅ(
729 1892 951 1941 sexcenta
983 1907 1250 1941 occurrent
1280 1894 1496 1955 loquela:
1529 1893 1777 1949 ejusmodi
1807 1890 2110 1944 testimonia.

116 1966 218 2010 Pet.
362 1960 518 2009 Nunc
538 1957 667 2019 leges
683 1988 695 2008 ,
720 1954 774 2003 ut
795 1956 859 2004 ad
889 1956 1160 2020 elephantis
1195 1957 1434 2004 barritum
1450 1990 1462 2010 ‚
1486 1955 1518 2003 fi
1541 1953 1674 2004 forte
1707 1957 1887 2004 cecidit
1912 1957 2115 2006 fallente

117 2019 295 2080 Greg.l.
362 2016 569 2083 vestigio
586 2052 598 2072 ,
620 2020 846 2066 certatim
871 2019 1153 2069 convolent
1171 2020 1471 2075 Adiutores:
1510 2019 1565 2067 ut
1593 2022 1742 2067 etiam
1771 2018 1907 2083 piscis
1926 2052 1941 2073 ,
1973 2020 2114 2070 elufis

120 2087 250 2144 15.de
265 2097 333 2128 re·
362 2084 514 2132 semel
535 2082 743 2135 retibus,
764 2097 888 2130 mox
917 2083 978 2131 de
1001 2083 1226 2147 periculo
1247 2082 1458 2131 edoceat
1481 2082 1771 2130 adnatantes
1785 2114 1798 2135 ‚
1824 2094 1878 2130 ut
1896 2082 1995 2139 jam
2016 2083 2116 2133 fru-

110 2147 218 2214 pub.
233 2163 268 2192 c.
288 2156 328 2201 5.
363 2144 456 2195 stra
483 2146 775 2209 quempiam
797 2145 885 2194 illo
912 2146 989 2193 die
1010 2146 1220 2209 piscator
1240 2145 1495 2210 exspedtet.
1563 2144 1951 2208 Deprehendes,
1971 2145 2026 2194 ut
2044 2147 2115 2195 hi-

115 2211 223 2263 ΛΗ).
246 2209 316 2253 Μ.
363 2209 557 2261 tundo,
583 2223 691 2255 non
711 2209 976 2256 invitatum
997 2211 1082 2257 suo
1102 2210 1153 2256 in
1176 2209 1299 2257 nido
1326 2208 1574 2271 hospitem
1596 2204 1771 2256 frustra
1795 2224 2112 2272 oppugnans,

113 2278 146 2327 l.
167 2279 211 2324 8.
237 2272 286 2317 de
365 2272 579 2334 querulis
600 2270 809 2319 vocibus
832 2286 954 2318 mox
975 2284 1231 2321 convocet
1251 2270 1474 2324 Sodales,
1495 2286 1603 2334 quae
1619 2271 1823 2320 occluso
1845 2287 1931 2335 per
1949 2273 2112 2322 luteos

116 2339 204 2386 aul.
221 2353 257 2382 c.
271 2345 315 2377 2.
365 2348 564 2397 aggeres
584 2335 812 2380 certatim
833 2331 1020 2382 ostiolo
1040 2333 1361 2398 poffefforem
1393 2337 1623 2396 iniquum
1642 2346 1885 2398 perpetuo
1915 2350 2110 2384 carcere

30 2410 40 2415 “
117 2399 278 2461 Porph.
301 2394 332 2441 l.
367 2397 636 2448 damnant,
660 2399 708 2445 δε
731 2398 969 2459 puniunt:
1007 2396 1062 2446 ut
1085 2395 1236 2461 paffer
1267 2394 1476 2445 'effusum
1496 2399 1549 2444 in
1576 2397 1694 2445 foto
1725 2397 1966 2460 pabulum
1996 2415 2112 2464 pro-

120 2466 228 2523 3.de
250 2457 325 2506 ab·
369 2458 621 2522 mulgans‚
642 2458 802 2507 socios
822 2460 884 2507 ad
913 2461 1066 2508 lautas
1087 2460 1253 2524 epulas
1280 2457 1447 2507 secum
1476 2461 1668 2508 invitet.
1769 2459 1931 2525 Quod
1954 2460 1988 2510 fi
2020 2462 2110 2509 ser-
2164 2473 2166 2477 ’

108 2526 212 2588 stm.
369 2536 552 2577 mones
581 2516 700 2573 istos
722 2520 888 2573 minus
911 2523 1179 2587 intelligas,
1205 2522 1502 2574 crediderim
1531 2521 1824 2581 enimvero,
1845 2537 2111 2587 nunquam

2003 2598 2053 2636 te
