2160 2916
76 746 258 804 Paufizn.

76 815 231 859 Lae'rt.

73 938 204 986 Solin.

75 1019 112 1050 c.
130 1014 203 1046 10.

72 1066 192 1112 Plin.
205 1064 287 1112 l.2.

74 1146 112 1176 c.
127 1141 205 1186 45.

75 1193 203 1239 Olaus
216 1192 285 1236 M.

73 1253 287 1313 histgent.

64 1319 227 1378 septen.

74 1383 134 1430 l.1
148 1394 166 1428 1
178 1417 188 1428 .
203 1393 290 1440 c.40

396 93 414 128 1
428 94 487 130 10
914 77 1045 145 sayna
1070 80 1199 150 atque
1227 69 1470 143 Oiarybdis.

329 177 440 228 sum
462 176 598 228 addo
620 175 643 236 <
663 174 807 242 quod
827 175 1017 227 ibidem
1038 212 1051 233 ‚
1084 194 1149 227 ne
1178 180 1601 243 interrumperem
1639 174 1906 228 discursum
1926 210 1940 234 ‚
1965 171 2088 228 diffi-

322 240 627 299 mulabam)
661 241 792 290 hanc
812 241 1140 290 reflexionem
1163 275 1176 296 ‚
1213 243 1408 289 causam
1442 245 1642 291 unicam
1676 258 1785 290 non
1812 241 1931 294 effe,
1966 244 2086 304 quia

322 301 537 354 minime
557 303 886 354 sufficientem
912 323 921 352 :
959 321 1080 354 nam
1112 317 1285 369 praeter
1311 305 1476 353 radios
1507 307 1810 370 primigeniae
1836 306 1977 355 vocis
2011 320 2085 352 re·-

323 367 481 418 fiexos
506 401 519 421 ‚
556 369 692 425 juvat
712 367 990 433 plurimum
1015 368 1299 417 eorundem
1332 368 1568 416 collcffio
1591 401 1603 422 ‚
1640 383 1737 431 qua
1763 383 1850 432 per
1886 367 2087 431 impres-

322 431 435 481 sum
464 431 592 482 tubo
620 431 889 496 impulsum
915 431 1221 494 plionicum,
1257 430 1396 479 ῐεᾶο
1409 433 1608 479 tramite
1621 430 2086 496 exporresti‚sphae-

322 509 436 544 ram
462 495 554 545 suae
576 491 996 547 a&ivitatis,resta
1014 492 1143 542 linea
1169 494 1404 558 longiore
1427 493 1771 559 compensent.
1842 495 2081 543 Demon-

325 553 478 607 strant
500 557 605 606 hoc
624 570 831 607 centum
858 559 1193 622 experientiae:
1230 557 1347 605 hinc
1370 557 1405 605 si
1427 558 1657 606 funiculo
1683 572 1822 606 aures
1841 554 2084 611 obst-ruas,

323 617 495 684 eoque
514 620 736 670 ferreum
767 616 1158 670 instrumentum
1194 620 1324 668 duro
1354 623 1560 686 corpori
1592 620 1760 669 allidas
1790 656 1810 676 ‚,
1840 620 1991 669 sonus
2013 622 2086 669 in-

323 698 445 748 gens
464 717 478 738 ‚
513 684 808 734 Erfortianae
843 699 1097 749 campanae
1129 683 1304 748 suppar
1327 717 1339 737 ,
1369 699 1453 748 per
1477 683 1741 748 crispatum
1771 683 2084 738 funiculum,

326 743 522 798 auditus
545 763 742 810 organo
764 747 1009 796 illabetur.
1054 748 1134 796 Sic
1151 748 1284 795 littus
1295 748 1446 811 AEgaei
1469 749 1618 795 maris
1641 748 1824 796 sonum
1841 747 2081 810 cytharae3

324 826 478 861 mons
503 827 604 860 orae
619 810 1004 877 Qatomalcnsi
1016 809 1255 859 finitimus
1277 810 1601 859 harmoniam
1622 811 1927 874 pnevmatici
1941 825 2085 875 orga-
2117 863 2121 865 ,

324 876 377 925 ni
395 875 750 928 aemulatur,ob
772 875 957 924 variam
981 870 1007 922 ὲ
1030 874 1384 936 magnitudinis
1409 875 1549 921 variae
1568 875 1980 926 cavernis‚ortam
2002 876 2080 922 ae'·

324 940 389 988 ris
411 937 764 987 reflexionem:
788 936 854 986 sic
875 936 945 985 ob
966 934 1080 985 Ηώς
1098 935 1280 985 sinuosi
1305 936 1512 984 latebras
1533 935 1649 984 fons
1662 935 1922 985 Halefinus
1946 937 2084 998 quic-

323 1001 438 1055 scit,
464 1000 498 1051 fi
526 999 686 1053 sileass
733 1000 795 1049 ad
818 1012 1025 1049 cantum
1053 999 1181 1048 tibiae
1205 998 1460 1053 subsultat‚
1485 999 1696 1064 spumat,
1719 1015 1776 1047 ac
1804 1001 2084 1063 turgescens

325 1064 543 1129 denique
572 1063 804 1114 exundat.
873 1064 953 1112 Sic
983 1062 1018 1111 fi
1041 1064 1091 1110 in
1116 1063 1320 1127 specum
1348 1063 1618 1111 Dalmatici
1647 1063 1824 1111 littoris
1853 1064 2082 1126 proiicias

320 1129 577 1194 lapillum,
616 1129 807 1176 orietur
833 1126 1014 1175 turbo:
1056 1125 1090 1174 fi
1124 1128 1176 1174 in
1206 1125 1493 1190 speluncam
1528 1127 1665 1174 illam
1687 1125 1950 1174 finlandiae
1983 1127 2084 1174 ani-

321 1193 422 1241 mal
453 1193 628 1241 vivum
656 1191 924 1255 praecipites
949 1223 962 1243 ‚
1000 1202 1229 1254 erumpet
1270 1190 1417 1237 sonus
1452 1201 1557 1237 tam
1586 1185 1835 1253 stupendae
1861 1191 2050 1238 virtutis
2070 1222 2083 1245 ‚

322 1269 378 1306 ut
403 1252 668 1304 astantium
689 1268 830 1302 aures
848 1251 1060 1303 suffocet
1081 1286 1093 1306 ‚
1125 1257 1174 1303 <Sc
1209 1252 1363 1302 veluti
1401 1251 1694 1304 bombardae
1735 1249 1936 1316 strepitu
1969 1267 2085 1316 pro-

323 1317 499 1368 stratos
521 1319 802 1371 interimat,
839 1316 1008 1380 quod,
1038 1315 1288 1366 Kirchero
1310 1312 1457 1370 teste,
1482 1331 1590 1363 non
1626 1314 1713 1365 nifi
1740 1317 1944 1364 internae
1981 1317 2084 1379 spe-

322 1398 479 1432 cuum
497 1380 664 1446 figurae
690 1413 704 1434 ‚
741 1394 850 1449 quae
882 1380 990 1427 soni
1012 1379 1178 1428 radios
1209 1379 1428 1442 colligit,
1446 1373 1785 1441 reflcd‘tstque,
1819 1374 1888 1425 cst
1910 1379 2081 1426 adscri-

320 1446 568 1496 bendum.
637 1443 735 1493 Sed
764 1441 983 1490 infinitus
1006 1441 1096 1490 sim
1119 1475 1132 1496 ‚
1164 1440 1197 1489 si
1218 1443 1395 1489 cuneta
1416 1442 1523 1489 soni
1550 1441 1789 1491 miracula
1813 1443 2007 1490 animus
2026 1441 2084 1491 fit

323 1508 572 1562 recensere
596 1525 605 1555 :
642 1505 886 1555 sufficiant
907 1502 1019 1555 ista,
1057 1520 1165 1567 quae
1182 1506 1267 1569 qui
1287 1519 1398 1555 non
1411 1500 1571 1571 stupet
1590 1537 1602 1559 ‚
1628 1500 1949 1570 cststupidus‚
1965 1508 2082 1570 quia

323 1572 494 1623 surdus
515 1605 528 1626 ‚
551 1572 631 1619 cui
650 1566 826 1619 frustra
853 1581 908 1618 tu
937 1567 1178 1617 fabulam.

451 1635 650 1685 LEUC:
729 1632 973 1686 Gaudeo,
1000 1629 1144 1694 quod
1172 1632 1380 1697 ipsemet
1406 1630 1640 1697 agnoscas
1668 1633 2078 1697 praerogativam,

325 1714 481 1763 quam
511 1697 650 1761 supra
676 1696 889 1744 oculum
917 1697 1068 1744 auris:
1133 1695 1362 1758 nunquid
1391 1698 1566 1745 Paeana
1594 1695 1710 1744 huic
1740 1694 1925 1744 merito
1950 1697 2082 1745 into-

324 1763 473 1812 nem?
540 1761 696 1806 MEL:
765 1758 814 1806 Si
842 1758 962 1807 velis
990 1769 1104 1806 ante
1127 1757 1468 1822 triumphum:
1506 1774 1579 1807 nae
1600 1756 1822 1813 tu‚finita
1841 1759 2080 1808 nondum

326 1822 475 1877 Iusta,
490 1822 683 1872 curules
706 1821 806 1878 jam
828 1822 879 1868 in
894 1822 1207 1885 Capitolium
1228 1821 1407 1885 dirigis.
1457 1823 1646 1885 Magna
1658 1822 1767 1871 sunt
1790 1823 1894 1871 auri
1913 1823 2082 1886 prodi-

324 1891 432 1954 gia,
452 1886 533 1935 sed
554 1901 647 1933 nec
667 1884 823 1933 oculo
849 1883 1023 1932 desunt
1051 1885 1260 1941 majora.
1331 1887 1530 1933 Sonum
1562 1887 1750 1933 miraris
1780 1887 1831 1933 in
1861 1901 2008 1940 aure,
2027 1887 2082 1934 in

326 1952 485 2001 oculo
506 1946 721 2013 stupesce
742 1949 939 2010 specics.
1007 1949 1111 1996 En!
1149 1960 1330 1997 exeunt
1349 1948 1409 1996 ab
1433 1947 1662 2004 objeffis,
1687 1964 1776 2013 per
1794 1951 1965 1996 aerem
1990 1964 2082 1997 vo-

326 2017 496 2068 litant,
520 2007 668 2074 se'que
694 2013 940 2058 inlinuant
968 2010 1205 2061 senfibus:
1244 2023 1373 2074 quot
1406 2011 1583 2065 verba,
1604 2024 1684 2058 tot
1712 2010 1990 2075 paradoxa:
2042 2011 2079 2062 fi

329 2088 510 2127 exeunt
528 2075 589 2122 ab
613 2073 818 2129 objectis
831 2108 845 2124 ,
865 2073 993 2122 intra
1013 2074 1206 2131 obieeta
1226 2073 1500 2122 debuerant
1521 2074 1672 2121 nasci:
1711 2086 1760 2121 at
1781 2088 1887 2135 quo
1901 2075 2078 2123 Paren-

328 2142 407 2189 te?
443 2153 551 2202 quo
579 2138 750 2201 partu?
786 2150 885 2198 qua
910 2134 1174 2185 obstetrice
1195 2139 1246 2185 in
1274 2138 1444 2185 lucem
1464 2137 1671 2184 exeunt?
1707 2152 1772 2185 an
1800 2137 1910 2185 sant
1940 2139 2077 2202 pelli-

329 2203 450 2252 culae
479 2200 828 2257 objeetomm?
879 2210 929 2248 at
957 2202 1066 2261 quis
1099 2216 1178 2248 cas
1211 2197 1463 2248 abstraxit?
1514 2215 1577 2247 an
1606 2201 1847 2263 imagines
1877 2204 2076 2250 rerum?

329 2268 438 2328 quis
458 2279 535 2311 eas
557 2265 737 2327 pinxit?
774 2277 837 2309 an
865 2262 1046 2327 sigilla?
1082 2265 1189 2325 quis
1208 2261 1426 2326 sculpsit?
1461 2278 1525 2309 an
1544 2262 1865 2316 objedorum
1888 2265 2076 2321 nuntii?

330 2329 439 2392 quis
459 2327 672 2374 emittit?
709 2324 742 2374 fi
773 2340 857 2389 per
878 2330 1049 2375 a'e'rem
1070 2327 1283 2376 volitant
1300 2358 1313 2379 ‚
1341 2326 1419 2372 dic
1435 2358 1447 2378 ‚
1473 2325 1651 2386 quibus
1681 2327 1891 2389 pennis?
1925 2325 1959 2374 si
1984 2329 2077 2375 im-

330 2390 605 2457 pelluntur,
635 2403 742 2451 quo
774 2392 993 2454 impetu?
1044 2389 1079 2437 fi
1101 2389 1393 2441 ascendunt,
1420 2403 1517 2450 qua
1545 2388 1771 2438 levitate?
1816 2388 1851 2437 fi
1881 2389 2076 2438 descen-

332 2453 486 2506 dunt,
512 2465 611 2513 qua
643 2453 906 2515 gravitate?
957 2452 992 2501 fi
1020 2450 1152 2501 resta
1180 2463 1300 2500 cunt
1319 2483 1332 2504 ,
1373 2465 1479 2513 quo
1510 2452 1741 2499 tramite?
1791 2454 1959 2500 aerem
1982 2454 2075 2501 im-
2125 2455 2130 2458 “

330 2517 489 2585 plent‚
510 2513 589 2564 sed
608 2527 714 2578 quo
734 2513 930 2568 modo?
965 2515 1000 2567 fi
1015 2516 1180 2583 plures
1203 2513 1365 2570 simul,
1377 2513 1532 2578 quam
1549 2514 1776 2566 subtiles?
1808 2514 1846 2570 fi
1865 2517 2077 2582 permix-

1920 2588 1998 2633 tae,
