2205 2905
436 72 499 121 14
769 45 795 66 ⁴
1040 47 1172 103 Atlas
1200 46 1529 115 Philofhphicur.

369 151 624 207 netarium
643 145 739 198 effe
760 153 992 214 oportet,
1015 147 1104 209 qui
1125 156 1313 194 terram
1336 143 1560 194 collocat
1593 140 1722 192 inter
1738 140 1982 204 Planetas,
1998 143 2133 198 osta-

369 231 498 267 vum
518 214 805 267 Planetam,
837 225 1004 262 novus
1031 208 1241 275 ipsemet
1265 208 1498 263 Planeta,
1524 209 1642 271 quia
1667 208 1825 260 Lunae
1849 210 2053 277 suppar,
2083 214 2136 263 ὃς

368 279 654 330 lunaticum
680 275 915 341 ectypon.
1004 273 1192 327 Audax
1212 272 1395 323 Hercle
1413 271 1751 323 Archimedes
1765 306 1780 327 ‚
1800 276 1888 336 qui
1908 290 2021 324 non
2052 274 2136 324 da.

369 356 431 393 to
461 344 614 392 etiam
630 341 755 390 loco
769 373 783 393 ‚
814 338 901 388 ubi
921 339 1112 403 pedem
1130 336 1248 401 figat
1268 347 1403 384 extra
1421 335 1706 392 Tellurem,
1727 335 1858 387 hanc
1870 353 1928 387 ex
1941 340 2137 390 univer-

369 407 407 458 si
429 418 608 456 centro
627 402 893 458 revulsam,
911 414 1053 467 gyrat
1073 416 1163 466 per
1192 415 1420 449 annuum
1444 400 1704 450 circulum.
1805 403 2139 452 Novatorem

371 467 559 522 merito
582 468 759 517 dixeris
774 501 788 522 ,
809 468 927 530 quia
958 462 986 514 ὲ
1004 464 1219 515 Philolai
1236 463 1496 521 cujusdam
1517 463 1765 514 cineribus
1790 466 2033 517 suscitavit
2054 482 2137 516 an-

371 530 702 597 tiquissimam
739 530 871 580 hanc
902 530 1188 579 novitatem
1209 560 1224 583 ,
1252 527 1439 577 infelici
1463 523 1667 577 anastafi
1690 561 1703 582 ,
1730 542 1852 579 nam
1877 531 1959 580 vix
1989 542 2134 585 nata,

371 597 590 661 antiquis
611 594 860 645 cineribus
883 588 1056 643 denuo
1072 588 1142 641 est
1160 591 1468 656 consepulta*
1534 593 1595 640 In
1617 606 1681 641 eo
1701 591 1874 642 saltem
1896 593 2142 644 occubuit

371 658 620 727 gloriosa,
645 655 792 723 quod
814 658 1078 722 Purpurati
1105 657 1355 721 Principes
1385 652 1684 704 celebrarint
1713 657 1841 705 illius
1880 651 2139 721 exequias,

371 725 500 774 dum
519 723 652 773 hanc
679 722 967 772 dostriiiam
983 754 996 775 ,
1015 719 1156 770 velut
1173 717 1407 780 absurdam,
1429 722 1476 765 in
1497 719 1767 780 Philojbphia
1786 720 1958 779 falfizm,
1981 723 2038 769 ὥν
2054 720 2136 785 quc}

371 790 426 835 ad
452 785 805 835 immobilitatem
833 786 940 832 Solis
966 782 1218 842 formaliter
1245 783 1488 830 haereticam
1516 782 1771 832 declarant
1792 817 1808 838 ,
1838 797 1990 848 atque
2024 801 2141 850 pro-

371 854 624 903 nuntiant·
722 849 954 899 Audiant
971 845 1059 896 ista
1088 846 1281 896 Islebici
1306 843 1547 909 Sophistae
1564 879 1576 897 ⁷
1598 847 1686 907 qui
1703 846 1773 892 nil
1796 859 2027 911 crepant,
2051 847 2140 897 nisi

369 917 626 965 novitates
644 915 890 977 antiquas,
911 925 1006 960 nec
1028 909 1117 958 nisi
1134 911 1187 958 in
1200 908 1584 972 Anti-Peripato
1605 909 1958 972 ampullantur.
2029 910 2140 962 Au-

375 980 516 1030 diant
549 976 638 1028 ista
672 971 1065 1039 Philosophastri
1093 975 1145 1021 in
1182 972 1427 1037 hypogeis
1466 971 1782 1022 Hollanclicis
1810 973 2139 1030 blateranteS,

369 1042 554 1108 quibus
575 1041 767 1106 volupe
797 1038 991 1104 semper
1021 1036 1227 1090 fodere,
1251 1039 1302 1087 ὃς
1325 1034 1551 1085 effodere
1575 1034 1750 1086 fimeta
1777 1036 1980 1087 sanioris
2011 1039 2142 1088 Peri-

368 1110 499 1171 pati3
524 1108 611 1169 qui
629 1107 709 1155 vix
741 1103 1088 1154 consarcinant
1121 1100 1385 1154 codicem,
1413 1098 1502 1149 nisi
1533 1097 1668 1149 male
1692 1100 1880 1150 fartum
1911 1104 2141 1152 centoni-

371 1173 495 1224 bus,
525 1183 657 1232 quos
685 1171 860 1219 Roma
882 1166 1079 1216 dudum
1110 1163 1328 1229 sepelivit
1355 1165 1407 1212 in
1430 1173 1578 1228 putri.
1647 1163 1904 1221 Audiant,
1925 1168 2140 1229 inquam

366 1233 530 1292 (nam
545 1235 753 1283 illorum
779 1228 935 1295 gratia
953 1230 1170 1279 alienam
1184 1227 1351 1277 refero
1370 1226 1562 1291 crysin)
1598 1227 1790 1278 &bene
1810 1229 2139 1295 perpendant,

373 1310 628 1362 quantum
661 1297 834 1362 gloriae
867 1294 1111 1343 accrescat
1138 1294 1400 1357 Peripato,
1422 1291 1456 1341 fi
1474 1290 1738 1356 Tychonis
1759 1288 2141 1358 Copernicique

371 1359 634 1426 systemata
660 1356 796 1409 male
816 1359 1117 1412 concilient,
1138 1355 1263 1405 dum
1286 1355 1422 1418 quaii
1450 1357 1672 1421 receptui
1700 1360 1931 1423 tantisper
1957 1373 2141 1407 canen-

371 1439 445 1476 tes
460 1460 474 1480 ,
495 1426 715 1475 fatentur
733 1425 911 1490 sponte
935 1418 1145 1487 systema
1156 1418 1521 1485 Tychonicum
1541 1421 1773 1470 Oraculis
1789 1421 1931 1471 sacrae
1944 1423 2143 1487 Pagina:

372 1487 553 1542 melius
575 1502 881 1554 congruum,
895 1486 1313 1550 Copernicanum
1335 1481 1456 1532 vero
1473 1485 1655 1533 rationi
1667 1483 1828 1549 magis
1847 1484 2142 1540 conforme,

378 1559 866 1613 &consentaneum.
967 1554 1086 1604 Vah
1113 1552 1392 1619 gloriosum
1435 1546 1627 1613 ἔύρικκέ
1662 1553 1763 1602 vah
1791 1556 1939 1619 primi
1969 1553 2142 1603 subsel-

373 1630 423 1686 lii
446 1627 744 1677 novatores!
781 1622 915 1673 itane
934 1634 1209 1684 utrumque
1239 1617 1474 1684 systema,
1502 1620 1698 1669 calculo
1727 1635 1938 1683 quoquc
1955 1617 2140 1675 vestro,

377 1688 666 1742 coelestibus
689 1687 1038 1754 phaenomenis
1061 1684 1380 1749 congruum?
1431 1681 1566 1732 itane
1599 1696 1871 1746 utrumque
1899 1683 1926 1732 a
1946 1685 2141 1734 Condi-

375 1769 491 1806 tore
514 1755 627 1817 eligi
647 1749 859 1819 potuiss‘e
881 1750 1135 1799 fatemini?
1172 1751 1223 1797 <Se
1243 1760 1415 1797 tamen
1439 1747 1628 1797 clestos
1650 1746 1914 1795 defenditis
1947 1748 2142 1814 Coper-

375 1822 477 1870 nici
499 1820 749 1870 turbines,
769 1813 855 1864 etsi
882 1814 931 1864 S.
960 1813 1224 1877 Scripturae
1253 1810 1554 1860 Authoritas
1577 1809 1886 1876 oppositum,
1919 1811 2060 1861 claris
2089 1815 2141 1862 in

371 1878 954 1946 terminiS,profiteatur?
990 1876 1124 1925 abite
1143 1871 1839 1940 praeposteriCaduccatorcs,
1868 1877 1920 1924 ὃ(
1940 1874 2141 1925 hetero-

374 1949 546 1997 clitam
566 1942 877 1995 methodum
898 1938 1309 1997 Ambubaiarum
1337 1939 1558 1994 circulis,
1597 1937 1754 1989 veluti
1787 1937 1999 2003 dignum
2025 1955 2142 2005 pro·

375 2012 543 2061 blema
559 2043 570 2062 ‚
592 2009 857 2070 relinquite
883 2004 1273 2069 disceptandam.

507 2072 707 2124 LEUC:
776 2065 964 2120 Aliena
991 2068 1090 2117 bile
1117 2070 1250 2118 acuis
1280 2066 1487 2133 spicula,
1510 2077 1566 2116 ut
1597 2066 1937 2116 exorbitantes
1971 2066 2000 2116 a
2022 2065 2140 2118 fidei

379 2153 567 2189 norma
590 2133 926 2199 Philosoplios
955 2132 1214 2182 infestetis.
1315 2133 1459 2186 Scio,
1478 2130 1600 2194 quid
1627 2131 1701 2188 alij
1725 2130 1964 2187 sentiant,
1982 2130 2066 2180 sed
2088 2134 2140 2183 ὅς

379 2216 522 2252 tuam
556 2201 650 2256 hac
680 2202 733 2247 in
759 2213 810 2247 re
852 2209 1114 2252 mentem,
1141 2195 1268 2245 mihi
1309 2211 1547 2262 cuperem
1582 2195 1910 2259 exploratam.
1978 2197 2137 2243 MEL:

380 2268 510 2316 Non
533 2264 725 2329 semper
746 2262 943 2326 expedit
963 2259 1144 2316 dicere,
1164 2275 1275 2323 quae
1296 2260 1374 2310 vel
1394 2260 1524 2310 licet,
1545 2259 1626 2309 vel
1646 2258 1786 2308 lubet
1807 2257 1998 2308 sentire.
2053 2260 2108 2309 N
2111 2275 2140 2308 e

381 2341 556 2378 tamen
577 2341 628 2375 te
655 2325 842 2388 aliquid
868 2325 1056 2377 celem,
1088 2340 1197 2373 rem
1228 2323 1358 2372 habe
1386 2325 1571 2389 paucis.
1671 2324 1721 2372 Si
1744 2323 2059 2388 Copernicus
2086 2325 2137 2372 in

380 2392 551 2442 forma
579 2387 866 2455 hypothesis
888 2421 901 2439 ,
934 2387 1079 2450 quod
1114 2387 1411 2439 Authorem
1436 2387 1602 2436 feciffe
1626 2389 1928 2452 interpretor
1952 2420 1966 2441 ,
1994 2386 2137 2437 suum

380 2456 587 2521 publico
613 2454 819 2518 exponit
845 2448 1069 2516 systema,
1091 2452 1391 2518 Sophorum
1412 2451 1619 2516 ingeniis
1646 2449 2048 2504 eventilandum,
2071 2466 2136 2500 an

382 2534 569 2586 nempe
591 2517 728 2569 Coeli
753 2516 1125 2582 Phaenomenis,
1154 2532 1219 2568 an
1245 2512 1594 2567 Astronomiae
1628 2515 1828 2566 calculis
1858 2525 2133 2627 {logglrouass

1906 2593 1932 2627 a
1971 2592 1996 2626 e
2033 2589 2073 2627 it
