2222 2905
418 76 483 139 46
977 75 1176 129 flamma
1209 73 1480 131 Brometbeaess

354 167 586 237 nunquid
607 172 713 231 {am
726 175 990 238 comparat
1009 206 1027 229 ,
1061 173 1163 231 jam
1181 172 1228 223 se
1253 173 1459 235 reflexerit
1477 205 1491 231 ,
1521 174 1624 234 jam
1653 174 1838 235 iudicat
1857 206 1873 232 ‚-
1904 174 2004 234 iana
2024 170 2114 228 dili

349 240 508 287 currit
527 254 541 282 .·
577 251 688 299 quae
710 238 915 291 omnia,
933 238 1249 286 materialem
1268 236 1499 288 sensuum
1517 237 1756 304 sphaeram
1776 274 1788 291 ‚
1819 250 1939 290 toto
1971 241 2112 291 coelo

350 299 710 349 transcendunt
733 301 783 349 ὃς
803 299 1051 364 superant.
1123 303 1330 350 Omitto
1360 302 1560 351 levioris
1584 316 1844 351 armaturae
1878 300 2112 359 subsidia,

347 377 463 425 quae
486 374 663 410 contra
688 362 919 416 Atheos,
939 365 989 411 in
1013 365 1172 411 aciem
1193 363 1318 412 solet
1341 362 1555 413 educere
1571 364 1917 429 Philosophia:
1936 363 2115 423 cuijsta

349 425 518 473 minus
548 424 795 474 sufficiunt
826 424 994 474 homo
1021 442 1131 474 non
1150 423 1219 474 est
1250 459 1263 479 ‚
1299 426 1387 476 nisi
1408 443 1563 491 quem
1593 427 1760 477 forsan
1783 427 2114 484 Deucaleon,

343 484 381 537 Δὲ
393 487 525 537 duro
545 487 678 537 filice
697 489 1033 544 materialem,
1054 490 1170 552 quia
1191 488 1388 561 saxeum
1415 493 1782 556 progeneravit.
1851 491 1909 541 Id
1929 490 2116 541 solum·

347 551 520 601 modo
541 552 722 605 velim,
756 551 1008 606 advertas,
1042 554 1262 615 quisquis
1291 569 1518 603 animam
1543 553 1760 604 admittit
1785 553 2114 620 spiritualem,

349 614 569 663 admittit
588 613 972 664 indivisibilem:
1010 614 1116 664 haec
1137 618 1274 664 enim
1300 619 1574 688 proprietas
1610 617 1749 666 illam
1776 652 1788 669 ‚
1837 616 1975 667 velut
2016 615 2118 669 filia

302 679 320 687 “
352 680 602 732 Matrem,
627 677 963 740 consequitur.
1011 680 1170 732 Hinc,
1199 678 1234 728 fi
1256 679 1373 744 legis
1393 713 1409 734 ,
1429 678 1571 743 quod
1592 680 1832 729 vdecollati
1857 681 2116 736 cujusdam

351 754 548 795 vertex,
570 740 837 804 quondam
856 741 1022 805 saepius
1040 739 1342 796 subsultarit,
1362 742 1601 808 spiritibus
1615 777 1630 798 ,
1652 744 1791 792 velut
1810 740 1836 792 ὲ
1855 760 1885 808 p
1923 743 2116 794 robolo

348 804 727 870 erumpentibus
751 837 764 858 ,
794 803 845 852 id
859 804 1209 854 tribuendum:
1232 806 1366 854 unde
1390 806 1759 871 frIgescentibus
1776 822 1864 856 mu
1886 807 2006 856 culis
2021 840 2034 861 ,
2050 806 2116 856 fic

352 866 494 917 brevi
515 868 688 917 dentes
711 868 972 917 coiverant
992 901 1007 922 ‚
1027 881 1081 916 ut
1103 870 1235 917 can-is
1247 870 1551 924 auriculam,
1570 869 1860 933 sanguinem
1877 866 2116 920 fortelin-

350 932 508 1043 {entis
522 965 536 985 ,
556 933 610 981 ὃς
630 930 828 979 fortiter
848 927 1140 996 stringerent
1156 964 1171 987 ,
1184 934 1558 997 &pertinaciter
1580 949 1637 981 ex
1655 933 1738 982 illa
1753 932 1837 981 diu
1855 933 2113 982 haererent.

388 997 400 1042 i
426 994 545 1070 legis
569 1027 583 1049 ,
619 995 870 1045 Mexicani
893 994 1082 1051 iuvenis
1103 998 1345 1044 verticem
1367 1008 1686 1061 amputatum
1703 1029 1717 1050 ‚
1755 996 1806 1043 in
1827 994 1932 1045 haec
1959 996 2112 1046 verba

294 1091 306 1103 .
351 1057 515 1108 subito
539 1055 844 1122 prorupisse:
881 1057 967 1117 Ipsi
983 1073 1050 1104 me
1068 1057 1376 1128 intqrfhqerunt
1396 1095 1409 1111 ‚
1447 1061 1672 1131 potentia
1698 1061 1884 1107 morrix
1920 1058 1986 1108 fic
2019 1061 2113 1108 im·-

350 1122 542 1186 pulerat
562 1122 786 1185 linguam
806 1153 820 1173 ,
842 1132 896 1169 ut
916 1121 1070 1170 verba
1090 1119 1115 1169 a
1135 1137 1338 1178 iamiam
1372 1136 1629 1171 morituro
1662 1134 1910 1187 concepta
1930 1155 1942 1176 ‚
1980 1135 2112 1172 voce

349 1181 687 1235 intermortua
717 1183 1016 1232 balbutiret:
1054 1183 1141 1233 nifi
1172 1184 1340 1233 forsan
1370 1184 1545 1234 similia
1570 1186 1766 1235 Divinae
1796 1185 2001 1234 mavelis
2029 1185 2111 1234 adn

346 1249 555 1299 scribere
569 1247 918 1297 Providentiae.
985 1249 1371 1295 Immortalitatem
1391 1247 1536 1311 quod
1547 1250 1721 1296 attinet
1735 1280 1746 1301 ,
1763 1247 1975 1296 autho-re
1993 1249 2115 1296 Sco,

346 1324 407 1362 to
427 1345 440 1367 ,
470 1313 551 1362 vix
572 1312 783 1376 reperies
812 1309 1111 1360 sonantioris
1137 1313 1361 1360 nominis
1372 1310 1742 1376 Philosophum
1762 1309 2109 1375 (Epicurihip-

349 1387 692 1442 pocentauros
717 1388 828 1423 non
848 1372 1111 1430 nomino)
1137 1375 1223 1436 qui
1248 1388 1357 1423 non
1383 1372 1517 1423 ultro
1550 1374 1759 1423 fateatur
1780 1377 2003 1423 animam
2034 1375 2113 1423 ali-

353 1438 600 1503 quamdiu
626 1438 736 1486 fatis
753 1433 1059 1501 superstitem
1083 1454 1092 1484 z
1131 1439 1315 1486 evincit
1334 1436 1437 1486 hoc
1452 1438 1701 1485 unaminis
1728 1450 1912 1486 naturae
1933 1436 2112 1492 sensus,

353 1504 501 1566 exig-it
520 1503 756 1551 Numinis
778 1500 1094 1564 providentia
1113 1533 1125 1554 ,
1149 1502 1447 1566 praemiantis
1466 1514 1560 1564 pro
1583 1502 1767 1548 merito
1787 1499 1979 1564 probos
1995 1532 2007 1554 ‚
2025 1517 2113 1565 pu-

350 1568 530 1615 nientis
549 1580 642 1630 pro
665 1567 850 1613 merito
874 1563 1155 1629 improbos.
1223 1565 1341 1621 Jam
1361 1562 1396 1611 fi
1416 1558 1650 1628 superstes
1673 1562 2008 1624 aliquamdiu,
2023 1579 2112 1612 cur

348 1643 454 1678 non
478 1629 696 1693 semper?
732 1643 796 1676 an
830 1629 1026 1675 aventia
1047 1641 1280 1692 oppones
1301 1626 1588 1676 contraria?
1623 1637 1672 1674 at
1693 1639 1802 1675 non
1822 1624 1974 1674 habet
1997 1643 2009 1670 .·
2045 1641 2112 1677 an

347 1691 604 1741 defectum
636 1690 788 1739 causae
817 1665 996 1755 affegas
1016 1692 1034 1737 ,ἒ
1070 1689 1331 1739 conservat
1359 1688 1569 1740 DEUS:
1607 1702 1671 1737 an
1709 1684 1907 1745 subjeciti
1942 1687 2109 1738 absen-

346 1757 469 1804 tiam
492 1756 508 1803 ἒ
543 1753 763 1810 subjecto
794 1767 904 1802 non
929 1752 1151 1817 indiget:
1189 1768 1254 1801 an
1274 1748 1409 1801 forte
1437 1749 1693 1804 defesiuin
1714 1749 1824 1800 finis
1844 1750 2109 1802 obtendis?

343 1817 798 1867 sedintcllcstiones
820 1815 856 1865 fi
881 1815 1099 1865 admittis
1156 1813 1233 1864 ost
1249 1817 1361 1864 Fata
1388 1851 1400 1866 ‚
1437 1813 1596 1863 finem
1619 1811 2001 1871 jamradmifisti:
2034 1828 2109 1864 ut-

345 1894 400 1930 ut
420 1880 693 1930 accuratius
718 1880 823 1928 haec
845 1879 1107 1945 ponderan
1146 1894 1173 1927 a
1190 1877 1554 1944 Philosophicae
1577 1878 1769 1928 trutinae
1791 1911 1804 1933 ,
1840 1879 1890 1929 &
1906 1879 2109 1929 eruditis

341 1943 639 2010 sophorum
670 1944 889 1997 circulis,
914 1942 1234 1992 reservemus,

504 2006 702 2058 LEUC:
740 2003 1036 2056 Contestata
1063 2003 1195 2055 adeo
1226 2007 1430 2060 veritas,
1457 2002 1522 2053 de
1541 2005 1719 2054 animae
1736 2004 2074 2069 praerogativis
2090 2036 2109 2060 ,

340 2064 543 2122 hostem
557 2069 740 2119 habere
753 2071 929 2132 nequit
940 2070 990 2117 in
1005 2065 1290 2118 Christiano
1314 2070 1543 2132 Peripato
1559 2085 1569 2115 :
1585 2082 1695 2117 non
1711 2066 1799 2117 nifi
1811 2069 1967 2117 Stoici
1979 2068 2107 2124 sunt,

343 2136 394 2183 ἃ
413 2134 608 2197 Epicuri
622 2131 684 2181 de
701 2146 850 2197 greve
870 2129 1178 2181 Onocrotali
1192 2165 1204 2186 ,
1221 2133 1307 2194 qui
1325 2130 1615 2196 oppofitum
1628 2127 2108 2194 rudunt,novc'›que

342 2196 640 2245 crudelitatis
670 2170 904 2260 prodigio
929 2197 1154 2245 animam
1173 2194 1336 2244 secant
1362 2198 1413 2244 in
1436 2205 1613 2258 parte&
1712 2195 1876 2245 MEL:
1914 2192 1987 2243 Ita
2009 2191 2104 2243 est.-

342 2261 571 2308 unauimi
592 2259 789 2308 calculo
807 2257 1175 2323 probantffiauc
1196 2260 1457 2308 veritatem
1480 2255 1768 2322 Philosophi
1790 2289 1803 2312 2
1838 2260 1888 2308 &
1912 2259 2107 2311 utinam

341 2319 444 2372 vita
463 2335 575 2370 non
603 2321 911 2386 reprobent!
947 2323 1173 2371 animam
1200 2319 1550 2371 indiviiibilem
1582 2318 1828 2375 asserunt:
1864 2336 1953 2370 cur
1983 2335 2108 2384 ergo

340 2386 490 2435 toties
514 2397 633 2432 cum
653 2384 810 2434 corde
831 2383 1060 2434 dividunt
1094 2392 1370 2434 creatura-m
1403 2384 1530 2432 inter
1559 2385 1610 2433 <Sc
1639 2382 1978 2433 Creatorem?
2008 2384 2108 2433 Im-

342 2446 619 2498 mortalem
637 2445 731 2495 esse
762 2444 1110 2498 demonstrant
1133 2480 1146 2501 ‚
1182 2449 1233 2497 ὅ(
1269 2458 1441 2495 tamen
1469 2478 1484 2500 ‚
1514 2445 1784 2511 voluptatis
1815 2457 2106 2497 momenta-

345 2526 451 2564 neae
475 2510 676 2572 toxico,-
698 2506 906 2578 persaepe
928 2501 1138 2571 citant
1155 2543 1171 2568 ,
1196 2509 1420 2574 uteoglo
1447 2519 1678 2569 mortua,
1701 2509 1829 2562 inter
1861 2509 2106 2560 cruciatus

1822 2582 2040 2627 Vaetcmos
