2177 2905
766 96 913 155 Janm
943 95 1131 158 Bifions.
1643 105 1754 153 223-

74 195 223 246 matis
245 208 419 245 meam
437 186 805 242 constantiam:
864 208 981 243 nam
1003 193 1038 242 fi
1057 192 1346 243 delicatulus
1370 193 1498 244 ferre
1523 206 1728 257 nequeo
1749 190 1809 238 ri-

70 273 258 324 gorem
282 253 500 310 claustri,
536 251 625 318 qui
644 255 806 305 feram
836 257 1058 321 rigorem
1077 259 1243 308 tartari
1265 259 1282 306 ἒ
1328 257 1505 307 edicite
1525 289 1540 312 ,
1582 269 1808 321 quomo-

73 322 147 373 do
170 322 392 372 habitare
411 329 595 384 potero
619 334 740 368 cum
761 321 876 384 igne
908 319 1184 371 devorante
1207 353 1221 377 ,
1255 322 1308 371 ὃς
1334 320 1595 371 ardoribus
1634 318 1809 384 sempi-

71 387 262 436 ternis?
326 384 483 430 MEL:
549 377 709 431 Rene
730 381 811 432 hic
829 383 1093 447 equidem:
1117 399 1239 433 nam
1257 383 1291 433 fi
1317 380 1546 433 molestia
1563 384 1668 432 insu
1707 396 1807 431 era·

68 448 310 511 bilis,quae
323 457 598 495 momento
612 444 1078 509 finitur-‚quomodo
1090 447 1269 496 inferni
1291 447 1442 496 ardor
1451 446 1507 495 fit
1519 447 1680 495 tolera
1717 446 1810 499 ilis,

70 514 218 576 quiin
235 511 559 560 aeternitatem
577 520 741 558 totam
761 511 1066 559 extenditur?
1080 508 1267 561 esthaec
1285 510 1490 559 reflexio
1505 509 1654 575 digna
1675 508 1815 557 refle-

69 576 239 624 xione.
292 575 386 622 Fac
413 574 565 624 enim,
582 571 810 628 iaceas‚in
832 573 1086 629 viridario,
1100 571 1325 623 Paestanis
1344 573 1557 623 aemulo:
1594 572 1813 621 mollem

73 637 288 687 thorum
317 632 552 685 insternat
583 634 786 684 Chloris
808 669 821 690 ‚
860 636 1002 685 viridi
1031 633 1200 687 vestita
1222 639 1447 701 gramine
1473 654 1484 685 :
1530 635 1732 686 florenti
1760 646 1810 682 te

70 716 317 763 conopeo
342 698 617 748 obumbret
639 698 884 747 luxurians
909 699 1150 748 arborum
1172 700 1338 749 scena:
1375 715 1518 749 nares
1549 699 1713 748 odore
1735 713 1810 747 re-

70 776 207 813 creet
219 765 451 825 frequens
465 762 766 810 Amaracus:
803 762 997 810 lumina
1008 765 1199 828 rapiant
1209 764 1447 814 coloratae
1467 763 1655 819 florum
1669 776 1808 810 areo-

70 827 128 875 1ae
151 844 160 874 :
200 828 371 875 leniter
390 825 775 874 admurmurent
802 825 1043 890 Zephyri:
1081 823 1362 891 adstrepant
1382 826 1603 875 salientes
1625 825 1768 874 undae
1789 841 1805 869 s

69 890 260 955 plumei
282 891 334 937 in
355 890 468 936 ae're
497 889 725 936 accinant
749 888 998 938 choraulae
1021 908 1031 937 :
1068 887 1257 944 verbo,
1293 902 1401 938 tam
1422 905 1602 939 vernus
1620 901 1672 937 te
1703 890 1805 937 cin-

67 954 306 1017 gatlepos
326 984 340 1006 ,
375 962 430 999 ut
448 955 790 999 amoeniorem
819 967 914 1001 nee
928 953 1023 1017 ipse
1047 966 1242 1018 optaret
1262 952 1348 1002 fibi
1367 953 1634 1002 Alcinous.
1684 948 1803 1006 Hic,

69 1019 309 1078 inquam,
346 1014 528 1071 jaceas,
565 1013 644 1060 sed
672 1028 731 1061 ea
760 1015 894 1078 lege,
930 1028 985 1064 ut
1008 1031 1273 1078 nunquam
1291 1018 1436 1065 liceat
1457 1018 1807 1065 latusinverte-

71 1093 149 1126 re:
186 1076 419 1139 nunquid
442 1077 521 1126 vel
542 1091 667 1125 unus
687 1076 788 1126 dics
811 1079 914 1126 haec
935 1079 1112 1143 gaudia
1134 1092 1350 1128 mutaret
1370 1082 1421 1128 in
1439 1080 1580 1128 taedia
1594 1113 1606 1132 2
1629 1081 1681 1126 in
1700 1078 1806 1142 sup-

107 1142 213 1189 licia
237 1140 520 1189 hebdomas
535 1173 547 1192 ,
578 1155 733 1188 annus
754 1142 806 1189 in
834 1153 1090 1191 tormenta
1108 1144 1187 1191 vix
1209 1143 1500 1191 toleranda?
1535 1141 1676 1192 sensit
1695 1140 1808 1191 Phi·
1836 1151 1838 1153 ’

91 1203 357 1268 osophiam
383 1202 512 1251 hanc
535 1203 714 1258 Fulco‚
760 1204 1025 1254 mundanae
1046 1205 1322 1255 ludibrium
1343 1207 1568 1255 vanitatis
1589 1238 1603 1260 ‚
1650 1219 1809 1268 quem

65 1267 220 1317 noete
246 1267 464 1329 quadam
482 1299 494 1320 ‚
523 1265 693 1330 abysso
716 1266 999 1316 demersum
1023 1266 1226 1333 plumea
1249 1271 1438 1333 excepit
1466 1268 1643 1317 thorus
1671 1303 1685 1319 ‚
1722 1266 1806 1316 sed

68 1332 162 1385 ita,
198 1343 253 1378 ut
269 1329 474 1378 somnus
499 1329 560 1377 ab
574 1330 729 1378 oculo
753 1330 970 1394 fugeret:
991 1330 1131 1379 senfit
1148 1332 1229 1379 ille
1241 1334 1468 1394 quietem
1485 1344 1591 1380 tam
1612 1332 1803 1394 inquie-

71 1406 177 1442 tam
194 1426 207 1446 ‚
244 1406 298 1440 ut
319 1395 369 1440 in
393 1392 498 1442 haec
518 1392 666 1441 verba
688 1406 1063 1456 prorumperet:
1101 1407 1191 1439 tam
1212 1393 1380 1446 molesta
1404 1397 1449 1439 in
1474 1396 1588 1440 molli
1613 1394 1803 1440 thalamo

68 1456 125 1510 est
152 1473 235 1501 nox
255 1457 444 1510 insbmmk
466 1472 477 1502 ε
514 1456 614 1517 quid
635 1455 672 1513 si
693 1459 735 1500 in
756 1454 973 1514 ignivoma}
987 1456 1179 1515 jacerem
1199 1458 1378 1503 culcitra
1398 1458 1415 1505 ἒ
1451 1458 1550 1519 qnid
1561 1456 1597 1515 fi
1617 1473 1696 1502 non
1720 1472 1805 1502 una

70 1519 212 1570 noste,
243 1517 311 1573 fed
337 1521 597 1568 aeternitate,
635 1517 842 1564 duraturi}
856 1515 1035 1580 semper,
1052 1519 1239 1578 finienda}
1258 1522 1504 1583 nunquam?
1517 1520 1661 1584 fregit
1672 1520 1804 1568 mol-

68 1583 174 1630 lem
196 1584 425 1630 animum
451 1580 682 1629 insomne
700 1580 802 1630 hoc
824 1579 1283 1646 somnium‚sicque
1301 1585 1501 1633 surrexit
1523 1584 1724 1638 melior,
1748 1595 1804 1633 ut

67 1645 336 1694 meliorem
359 1640 693 1708 postmodum
716 1646 767 1692 in
795 1646 1061 1710 Religione
1085 1649 1272 1712 ceperit
1293 1648 1534 1710 quictem.

191 1708 390 1759 LEUC:
458 1703 539 1755 Est
558 1706 662 1757 haec
680 1724 817 1758 nova
838 1712 1115 1759 aeternita-tis
1139 1712 1429 1775 proprietas,
1443 1710 1510 1759 sat
1533 1724 1732 1774 magna,
1745 1720 1802 1758 ut

65 1770 246 1820 inferni
260 1773 540 1824 tormentis,
554 1785 648 1833 pro
669 1784 995 1835 peccatorum
1005 1775 1234 1839 pondere
1253 1775 1702 1838 maximo‚p0ndus
1721 1774 1804 1821 ad-

65 1833 473 1893 jiciatinfinitum.
542 1836 824 1883 Damnatus
836 1839 1015 1899 patitur
1030 1838 1234 1886 dolores
1248 1838 1535 1891 hiienses&
1549 1839 1663 1899 quia
1678 1837 1797 1899 pati-

62 1911 160 1950 tur,
184 1896 435 1946 immenso
456 1898 633 1961 pariter
660 1909 919 1960 tempore,
950 1902 1131 1960 quovis
1155 1903 1205 1947 in
1223 1912 1456 1963 tempore
1478 1902 1660 1963 patitur
1678 1899 1801 1947 sern-

63 1963 304 2025 piternos.
420 1961 481 2008 In
518 1958 704 2023 lingula
749 1975 1016 2009 momenta
1060 1962 1251 2024 colligit
1279 1962 1456 2010 cun&a
1495 1960 1640 2009 fimul
1681 1976 1797 2010 mo-

63 2036 260 2078 menta,
296 2023 471 2086 jugiter
494 2022 732 2070 oberrans
763 2025 920 2071 menti
946 2026 1212 2072 aeternitas:
1249 2027 1429 2088 patitur
1451 2024 1655 2073 dolores
1678 2040 1797 2088 prae-

64 2085 247 2139 sentes,
283 2086 365 2135 sed
392 2088 442 2135 &
463 2085 659 2134 futuros
681 2087 862 2149 patitur
883 2119 895 2139 ,
941 2089 1054 2149 quia
1077 2087 1354 2136 intellestus
1379 2085 1494 2135 fistit
1512 2087 1794 2152 praesentes:

65 2161 323 2196 tormenta
349 2150 488 2196 sentit
511 2181 523 2200 ‚
560 2151 610 2198 ὅ(
641 2151 755 2210 quia
780 2150 919 2196 sentit
941 2165 1050 2199 non
1071 2150 1315 2204 finienda,
1344 2163 1509 2199 totam
1537 2153 1587 2199 in
1614 2152 1796 2213 quovis

65 2222 341 2259 momento
364 2211 628 2260 collestam
655 2212 795 2259 sentit
808 2225 1186 2262 tormentorum
1212 2216 1562 2262 aeternitatem:
1600 2214 1795 2270 scilicet,

67 2276 177 2338 quod
210 2277 380 2336 quisque
401 2275 553 2320 timere
580 2277 690 2334 cepit
709 2309 722 2325 ,
751 2276 845 2334 jam
856 2274 992 2335 passus
1014 2275 1092 2329 est,
1116 2274 1305 2339 unique
1336 2275 1553 2326 infistens
1575 2277 1764 2343 punito
1780 2310 1795 2332 ‚
1826 2295 2008 2350 Gregor,

64 2349 183 2386 toto
215 2337 480 2386 damnatos
509 2337 736 2401 pondere
767 2371 780 2390 ‚
817 2341 996 2403 premit
1025 2339 1206 2403 globus
1244 2343 1538 2389 aeternitatis..
1639 2343 1795 2388 MEL:
1826 2358 1961 2406 Νίκῃ

67 2401 236 2450 Placet
248 2398 460 2455 Ascefi5‚
481 2415 636 2461 quam
656 2414 856 2449 acutam
882 2404 932 2450 in
950 2404 1331 2452 Damnatorum
1347 2405 1578 2468 supplicia
1601 2401 1629 2453 ὲ
1649 2405 1799 2454 Patri-

62 2463 157 2513 bus
178 2464 367 2511 recitas.
466 2464 537 2512 lta
556 2459 646 2511 est:
678 2463 782 2533 haec
801 2462 885 2519 est,
908 2462 1027 2520 justa
1039 2467 1275 2515 Numinis
1294 2469 1364 2517 ira
1377 2480 1544 2516 totam
1568 2467 1731 2516 saevire
1746 2470 1799 2516 in

66 2526 392 2583 Creaturam,
418 2540 527 2589 quae
557 2539 666 2579 tota
691 2524 839 2581 laeviit
879 2530 931 2580 in
961 2530 1279 2582 Creatorem.
1378 2531 1640 2645 Cruciatps
1683 2546 1800 2594 prae-

1596 2606 1734 2644 entes
