2177 2905
700 85 820 136 Ct‘rce
844 87 1151 152 Philoffiphica.
1660 99 1728 152 97
1758 87 1774 92 -

36 178 309 244 thagoram
321 175 376 226 'in
394 171 584 226 duabus
597 172 830 230 Urbibus,
842 175 1028 226 eodem
1040 189 1271 242 tempore
1294 176 1433 229 fuisse
1447 179 1791 246 conspectum,

39 243 291 306 Origenes
303 238 513 290 Author
525 235 618 286 est:
653 239 877 303 Stryges,
912 251 1146 290 catorum
1167 242 1323 306 specie
1340 276 1352 295 ,
1389 244 1567 292 clausas
1603 243 1794 308 ingredi
1827 242 2046 293 Lacona

41 302 209 362 ianuas
223 337 236 358 ‚
254 314 511 369 penetrare
531 313 704 350 tenues
722 305 896 356 rimas,
915 305 1212 367 experientia
1232 302 1358 353 testis
1373 304 1455 360 est,
1472 309 1662 355 utinam
1684 321 1793 355 non
1831 307 1927 367 Cels.

43 370 192 416 toties
211 365 433 416 oculata!
467 376 631 418 taceo,
656 363 799 426 quod
813 365 1092 416 Domitiani
1118 368 1276 416 oculis
1295 368 1396 416 sese
1420 369 1703 417 subtraxerit
1721 370 1796 418 A-

42 430 300 495 pollonius
327 427 458 491 apud
491 423 847 477 Philostratum
873 446 885 481 3
926 426 1072 491 quod
1096 430 1287 493 Gyges,
1319 430 1493 481 fictitio
1527 432 1682 481 teitus
1711 448 1798 481 an-

41 493 186 547 nulo,
197 492 392 540 latuerit
409 490 542 556 apud
554 491 779 540 Tullium
797 492 1120 541 Ciceronem.
1189 494 1324 542 Sileo
1345 494 1618 558 paradoxas
1641 508 1796 544 meta-

41 554 370 668 {norpffisess
390 552 571 664 qgibus
597 568 817 617 corpora
848 554 1209 605 transforma-nt
1234 558 1288 606 in
1312 559 1430 608 alias
1453 558 1651 623 species,
1673 573 1795 609 ocu-

64 629 147 669 ato
179 629 200 666 t
272 632 300 666 e
377 632 425 667 vi
460 631 545 666 10:

259 680 389 728 Hanc
405 694 479 740 ego
500 679 720 727 noeturnaes
737 683 891 728 vivam
906 683 1095 730 volitare
1112 694 1193 744 per
1209 682 1381 732 umbras

166 797 168 799 q
332 763 334 766 ·
383 744 567 804 Sqspicor
582 776 594 797 ,
620 746 680 792 (ΞΤ
693 743 843 805 Ρίιιωᾶ
869 757 1016 804 corpus
1035 748 1147 793 anile
1167 751 1271 806 tegi.

41 805 105 856 Et
126 800 212 854 ista
231 820 340 856 non
356 805 612 855 infirment
632 809 872 871 principia
895 808 1129 872 Phyficat
1168 807 1254 859 ista
1274 825 1383 860 n-on
1401 810 1672 877 infringant
1690 814 1796 865 Na-

41 881 164 917 turae
188 869 346 933 leges?
372 884 468 917 nec
488 869 776 931 perturbent
795 870 1019 921 Univerfi
1038 873 1308 923 ordinem?
1342 875 1500 923 multa
1519 878 1640 940 petis
1656 909 1669 929 ,
1704 877 1740 926 fi
1769 877 1798 928 ὲ

42 931 355 996 Philosopho
375 929 460 981 hic
479 932 634 982 fidem
656 933 795 997 petis.
909 936 1072 982 MEL:
1148 937 1290 987 Nihil
1308 951 1454 1002 peto,
1478 940 1622 1001 quod
1641 937 1800 990 fidem

43 993 237 1061 fiaperet
253 1027 268 1047 ,
305 996 499 1044 ratione
519 992 717 1059 physica
738 992 1004 1045 suffultam.
1113 996 1187 1048 Ni
1201 1002 1341 1050 enim
1360 1000 1453 1050 hac
1481 1001 1631 1050 noste
1653 1004 1800 1053 Mor-

44 1055 202 1122 pheus
221 1058 311 1106 tibi
330 1061 547 1122 porrexit
570 1056 765 1107 Lethen
778 1091 790 1112 ,
812 1059 949 1113 scies,
970 1074 1079 1122 quae
1100 1061 1221 1109 ame
1239 1061 1348 1110 heri
1367 1066 1616 1128 principia.
1638 1067 1798 1115 Nem-

42 1134 129 1184 pe,
155 1118 315 1183 quod,
329 1135 436 1182 quae
457 1123 582 1170 vires
593 1132 776 1169 naturae
789 1121 1032 1184 superant,
1051 1123 1300 1173 infernalis
1316 1126 1482 1175 Ludio
1494 1126 1648 1191 fingat
1662 1161 1675 1181 ,
1687 1143 1799 1179 non

44 1182 210 1233 faciat,
307 1182 470 1248 Quod
491 1184 527 1233 fi
551 1184 700 1234 visus,
723 1187 932 1247 gemino
962 1184 1106 1234 simul
1125 1189 1176 1234 in
1195 1188 1319 1236 loco
1335 1221 1347 1241 ‚
1383 1189 1704 1252 Pythagoras,
1729 1194 1802 1241 vi-

42 1246 119 1296 fiis
132 1243 201 1295 est
215 1245 310 1297 effe
320 1247 444 1298 visus
455 1281 468 1299 ,
489 1262 599 1298 non
615 1247 733 1295 fuit:
755 1262 875 1296 narn
887 1248 1118 1297 alterutra
1137 1250 1322 1298 Civitas
1334 1266 1421 1315 per
1439 1250 1802 1316 phantasticam

43 1309 172 1358 illius
191 1310 400 1375 speciem
422 1309 491 1360 est
508 1310 688 1361 delusa.
744 1310 926 1360 Iisdem
937 1311 1156 1360 ludibriis
1169 1312 1291 1361 fallit
1303 1314 1497 1378 Stryges
1515 1333 1524 1363 :
1541 1332 1649 1365 non
1662 1319 1800 1368 enim

45 1370 122 1422 hae
141 1376 288 1422 rimas
305 1387 592 1439 penetrant,
626 1373 706 1425 vel
723 1374 884 1423 clausa
906 1370 1030 1423 ostia
1045 1408 1057 1429 ‚
1080 1375 1162 1424 sed
1183 1377 1289 1425 orci
1311 1378 1499 1427 Genius
1518 1380 1804 1443 praecedcns

46 1446 154 1484 tam
173 1436 380 1487 laten-ter
398 1438 501 1487 haec
520 1439 674 1502 aperit
686 1470 699 1491 ,
725 1452 782 1485 ac
794 1437 1006 1490 claudit3
1042 1435 1273 1490 fenestras
1292 1443 1517 1505 corporis
1538 1457 1709 1492 earum
1722 1459 1801 1493 ca-

47 1514 210 1563 paces,
234 1501 519 1550 dexteritate
540 1513 644 1549 tam
663 1500 811 1549 celeri
831 1512 1036 1554 movet,
1056 1517 1112 1550 ac
1129 1515 1378 1556 removet,
1402 1515 1456 1552 ut
1476 1500 1619 1554 facile
1643 1507 1800 1558 intro-

49 1564 214 1610 mittat
235 1563 339 1613 haec
357 1565 517 1614 scorta
535 1562 706 1627 putida
726 1595 740 1617 ,
775 1578 884 1626 quae
911 1563 1160 1618 ejusmodi
1194 1576 1333 1614 catos
1362 1566 1408 1614 se
1427 1565 1555 1617 falso
1577 1568 1799 1624 judicant

48 1624 268 1675 induisse.
338 1629 451 1676 Nec
471 1625 712 1675 invisibile
730 1626 894 1674 reddit
913 1641 1096 1690 corpus
1113 1659 1124 1680 ,
1151 1627 1232 1675 sed
1251 1630 1448 1678 veriore
1468 1628 1666 1694 phyfica
1689 1647 1800 1681 non

47 1686 222 1736 visum.
305 1691 445 1739 Nam
479 1688 826 1754 Apollonium
863 1689 942 1738 vel
964 1685 1222 1738 celerrime
1241 1688 1484 1740 transtulit
1508 1726 1522 1747 ‚
1558 1695 1639 1743 vel
1656 1697 1802 1744 inter-

47 1750 212 1814 posito
233 1767 450 1817 corpore
464 1785 478 1806 ‚
502 1763 587 1800 aut
609 1753 796 1816 agitato
827 1754 942 1801 aete
962 1751 1134 1802 vifivas
1157 1753 1335 1817 species
1358 1754 1602 1820 impediit,
1633 1773 1697 1805 ne
1718 1758 1801 1806 ad-

51 1812 285 1864 stantium
300 1816 462 1863 oculis
483 1815 817 1863 illaberentur.
911 1815 1150 1877 Denique
1172 1819 1223 1865 &
1246 1819 1678 1882 metamorphoscs
1707 1821 1798 1868 illae

51 1875 236 1926 merito
252 1875 471 1931 Nasoni,
500 1875 785 1923 fabularum
799 1875 1046 1931 ejusmodi
1066 1877 1380 1931 Architecto,
1403 1880 1512 1927 sunt
1524 1881 1799 1930 adscriben-

52 1938 143 1987 dae.
213 1937 281 1987 Ut
293 1951 344 1985 ut
356 1940 492 1985 enim
503 1936 703 1985 diffiteri
726 1952 817 1984 nec
836 1938 988 1985 velim
1003 1952 1129 2006 ,qncc
1146 1938 1328 2001 possim
1341 1973 1356 1994 ‚
1379 1939 1521 2002 quod
1539 1940 1799 2008 praestigias

52 2001 231 2051 ssmiles
251 1996 492 2049 non'raro
515 2003 620 2049 veri
639 2001 947 2047 comitentur
966 1999 1167 2048 effeetus
1181 2034 1193 2054 ,
1215 2003 1313 2066 ipsa
1331 2014 1505 2052 tamen
1526 2018 1800 2056 metamor-

53 2062 218 2130 phosis
239 2055 482 2112 delusori‘a
501 2058 570 2110 est
589 2097 602 2113 ,
629 2077 685 2109 ac
708 2064 881 2110 inanis,
951 2064 1064 2111 Nec
1077 2063 1248 2112 desunt
1263 2062 1485 2115 histrioni
1506 2069 1680 2132 Stygio
1696 2084 1800 2118 me-

54 2127 163 2180 dia,
185 2125 363 2187 quibus
392 2139 528 2173 nunc
557 2124 865 2189 repraesentet
884 2124 1152 2174 Camillam
1173 2159 1188 2180 ,
1224 2129 1342 2191 picae
1372 2128 1647 2187 schemate,
1677 2133 1802 2182 voli·

53 2201 244 2238 tantem
265 2202 350 2252 per
360 2190 496 2239 aeras
531 2202 666 2237 nunc
685 2187 913 2236 exhibeat
936 2189 1150 2237 Manum
1165 2222 1185 2243 ,⁷
1215 2189 1384 2255 lupina
1409 2193 1596 2243 tectum
1620 2194 1799 2259 effigie,

56 2254 328 2302 irruentem
348 2252 400 2298 in
416 2251 577 2299 caulas
601 2284 614 2304 ,
649 2267 706 2299 ac
733 2251 994 2300 miserabili
1023 2225 1177 2315 ffrage
1200 2255 1250 2302 in
1272 2258 1524 2305 innocuos
1546 2256 1804 2308 furentem

94 2328 244 2378 reges,
311 2314 450 2363 Nam
469 2311 587 2378 saepe
608 2329 784 2362 verum
804 2329 985 2376 corpus
1006 2313 1267 2370 substituit,
1296 2319 1446 2367 motis
1465 2318 1651 2368 interea
1664 2322 1803 2383 Sagae

53 2329 370 2430 {umoribuffi
384 2387 438 2424 ut
456 2388 568 2425 atrae
580 2376 687 2425 bilis
701 2376 889 2427 excessu
901 2377 1056 2440 lupini
1073 2377 1275 2429 affectus
1285 2381 1513 2430 animum
1528 2395 1800 2447 occupent,

51 2438 197 2502 quod
221 2439 504 2504 symptoma
532 2438 842 2490 Machaones
870 2439 1160 2503 Lycanthro
1198 2442 1298 2491 iam
1328 2458 1388 2507 ap
1427 2443 1590 2493 ellant.
1671 2449 1802 2496 Non

53 2516 333 2566 nunquam,
344 2501 539 2557 absente
558 2504 747 2567 Mago,
783 2506 831 2554 ὃς
850 2503 1066 2619 inssecu
1083 2504 1145 2557 ab
1167 2502 1372 2564 condita
1407 2520 1625 2575 operato
1641 2540 1653 2561 ‚
1685 2508 1801 2571 ipse·

158 2611 172 2636 ι
1628 2582 1736 2625 met
