2177 2905
688 109 870 171 Oedipus
893 107 1104 172 Pbyficus.
1619 120 1676 155 21
1690 120 1713 153 ι

22 204 172 260 ciant.
236 203 540 269 Tyrannum
567 202 774 251 unicum
795 199 1020 266 produnt
1039 197 1253 250 historiae
1269 233 1282 255 ‚
1303 201 1389 263 qui
1407 196 1575 265 primo
1595 198 1777 248 sermo-
1811 210 1999 263 Drssxel.

25 282 174 323 nem,
198 265 381 317 deinde
408 278 581 318 nutus,
604 265 814 314 demum
837 267 888 314 δε
911 264 1154 328 lacrymas
1179 263 1404 315 vetabat,
1429 278 1537 312 non
1564 265 1778 327 ignarus,
1812 274 1916 322 Le„

26 331 94 380 sat
113 330 317 380 miseros
335 331 448 379 fore
471 328 729 382 mortales,
748 328 781 377 fi
803 329 955 376 etiam
978 327 1082 376 suas
1102 327 1286 375 deflere
1316 326 1530 375 miserias
1549 324 1782 390 prohibea-

26 405 214 444 rentur.
283 393 534 443 Haetenus
560 392 788 457 Oedipus
801 389 1056 455 Phyficus:
1077 387 1238 452 quod
1256 389 1289 437 fi
1305 388 1539 438 Ethicum
1560 388 1783 452 explora-

27 472 120 510 tes,
133 456 346 521 aenigma
367 455 615 505 solverem
641 469 729 519 per
749 454 1021 503 emblema.
1089 452 1348 502 Phoebum
1369 451 1575 516 Sphingi
1598 465 1786 515 propo-

28 534 230 574 nerem,
255 521 341 582 qui
359 518 424 567 fic
445 519 574 567 intra
595 517 753 566 nubes
773 517 980 566 haereret
1001 516 1348 568 absconditus,
1371 528 1425 563 ut
1445 531 1505 562 ex
1528 529 1624 562 una
1648 526 1786 577 parte

28 582 316 632 demitteret
337 582 554 647 pluvias,
577 596 636 629 cx
662 581 814 629 altera
831 584 1044 630 Terram
1074 576 1242 629 serena
1270 579 1439 627 fronte
1469 576 1786 633 exhisararet:

31 645 165 694 letha
182 659 523 709 apponerem.-
554 644 695 703 pluit,
724 658 852 705 acque
859 643 1050 700 serenat.
1119 644 1249 692 Mox
1270 642 1535 690 clariorem
1556 642 1790 703 aenigma-

32 711 70 756 ti
81 707 403 757 annecterem
414 707 739 761 solutionem,
760 707 852 764 illis
869 707 1132 771 Scriptura:
1147 704 1311 756 verbis
1328 724 1341 751 .·
1379 703 1679 759 Testimonium
1691 704 1791 750 Con·
1823 701 1868 734 2·
1882 687 1959 734 0⁰?
1972 701 2037 734 ·1·

24 772 236 831 scientia.-
303 773 445 820 Nam
1817 769 1871 799 ⁴⁰·
1899 764 1970 797 12·
2043 787 2051 794 ·

253 835 300 881 Si
319 831 431 881 bona
450 831 631 883 ridebis,
650 832 686 891 fi
707 834 834 879 Mens
850 832 962 880 malt?
985 832 1142 888 conscia
1160 828 1287 892 flebis
1302 850 1315 876 .-

386 898 588 942 Mirum!
607 911 688 941 uno
707 896 825 942 dolor
838 931 850 946 ,
874 898 933 943 &⁹
947 897 1108 955 gaudia
1121 892 1414 953 fbnte'fluunt.

303 959 364 1008 C:
434 960 571 1007 Bene
591 958 743 1006 habet
767 976 778 1006 t
804 958 1015 1007 solventi
1036 960 1300 1022 praemium
1326 957 1465 1006 dabit
1480 955 1668 1022 Sphinx
1687 957 1818 1007 Phi-·

37 1022 219 1088 losoph
239 1037 313 1071 ca.
353 1019 525 1071 Modo
538 1019 645 1069 satis
666 1018 1017 1070 monstrorum
1041 1018 1109 1068 est
1130 1038 1141 1068 τ
1178 1020 1563 1070 Γειῐέκςιιίῑιηιυς
1582 1020 1800 1086 Physica:

39 1086 248 1136 latebras
264 1118 276 1140 ‚
296 1088 349 1134 ὅ(
363 1083 650 1137 Chimaeris‚
674 1099 732 1132 ac
752 1085 1171 1148 Hippocentauris
1192 1096 1457 1148 purgatum
1471 1117 1484 1137 ‚
1525 1099 1666 1137 reor,
1692 1083 1805 1133 Phi-

39 1145 830 1214 losopbicum-theriotropheum.
898 1149 1055 1194 MEL:
1077 1149 1171 1196 Nae
1182 1161 1239 1195 tu
1257 1149 1429 1196 leviter
1448 1148 1536 1195 tibi
1556 1147 1824 1206 satisfacis⁶

41 1227 285 1276 tyronum
306 1225 478 1259 more:
509 1211 590 1259 vix
608 1206 848 1274 inspexisti
871 1209 968 1258 hos
991 1209 1133 1258 saltus
1147 1243 1159 1261 ,
1180 1213 1231 1260 ὃς
1251 1210 1491 1258 debellata
1508 1243 1520 1264 ,
1546 1213 1713 1273 primo
1732 1211 1805 1257 in-

43 1278 173 1326 tuitu
185 1307 200 1329 ‚
223 1274 381 1324 eredis
390 1275 594 1323 Naturae
610 1270 851 1323 monstra,
902 1273 1043 1339 Qid
1062 1272 1097 1322 fi
1110 1274 1334 1337 Stagirita
1352 1273 1440 1322 tibi
1466 1273 1707 1331 obiiceret
1723 1306 1735 1327 ,
1748 1271 1805 1322 ut

43 1338 311 1402 quondam
328 1338 553 1390 Platoni,
583 1336 706 1385 illud
725 1337 1010 1401 adynaton:
1037 1336 1197 1394 sursum
1210 1334 1426 1397 flumina?
1462 1335 1495 1385 fi
1521 1337 1804 1400 indagaret,

44 1417 155 1466 quo
178 1401 326 1466 pasto
353 1415 485 1461 aqua
500 1402 661 1464 gravis
678 1396 706 1448 ὲ
726 1403 874 1448 maris
889 1399 1052 1449 fundo
1063 1399 1294 1449 ascendat
1311 1399 1374 1450 ad
1395 1400 1506 1464 iuga
1521 1402 1804 1453 montium,

48 1464 185 1515 unde
206 1465 344 1512 suam
369 1463 538 1511 fontes
567 1478 626 1510 ex
645 1463 749 1511 aito
769 1463 1053 1511 delabentes
1077 1465 1328 1526 originem
1355 1465 1370 1510 ἒ
1419 1479 1482 1510 an
1507 1462 1805 1511 adscriberes

48 1527 270 1577 collestis
282 1526 482 1591 pluviis,
503 1523 852 1588 1iivibi'1sq53an
872 1525 1125 1590 vaporoso
1137 1527 1263 1579 aeri,
1285 1526 1363 1574 vel
1376 1527 1514 1588 aquis
1528 1557 1541 1579 ‚
1556 1527 1605 1575 in
1620 1525 1808 1590 hydro-

49 1590 286 1656 pbylaeijs
309 1590 568 1637 montium
587 1604 673 1652 per
692 1591 828 1653 ignes
840 1588 1183 1638 subterraneos
1204 1591 1492 1642 extenuatis,
1506 1603 1562 1637 ac
1576 1588 1804 1638 elevatis?

51 1655 133 1704 vel
151 1667 216 1701 an
233 1651 472 1701 tribueres
491 1654 638 1699 maris
661 1650 815 1700 fluxui
839 1685 852 1706 ‚
880 1651 1025 1713 quod
1049 1653 1149 1715 jugi
1171 1665 1320 1701 motu
1336 1652 1489 1701 trudit
1510 1685 1522 1705 ‚
1553 1649 1806 1715 novoque

54 1719 248 1780 impetu
266 1714 614 1779 superintrudit
644 1715 800 1762 undas
824 1716 968 1763 undis
989 1748 1003 1768 ,
1040 1715 1165 1764 dum
1194 1715 1412 1778 denique
1436 1730 1522 1779 per
1550 1718 1811 1765 montium

52 1779 289 1844 spiracula
324 1778 647 1826 extrudantur
670 1779 687 1825 ἓ
722 1777 843 1840 quid
863 1777 896 1826 fi
916 1778 1004 1826 tibi
1024 1792 1309 1844 opponeret
1326 1778 1637 1842 paradoxum
1659 1779 1807 1827 iilud:
2010 1831 2013 1834 ,

58 1841 218 1891 Vivens
246 1841 368 1886 cinon
386 1844 565 1886 vivente
597 1842 618 1886 ,ἒ
652 1841 685 1888 si
708 1856 866 1904 prope
895 1845 1174 1890 Anconam
1212 1843 1299 1889 tibi
1332 1838 1617 1890 ostenderet
1644 1834 2010 1905 prodi-*fulgos
2041 1894 2043 1896 .

94 1904 226 1952 iosos
246 1902 394 1966 pisces
416 1898 444 1949 ὲ
473 1914 610 1965 petra
629 1913 803 1949 enatos
838 1904 854 1950 ?
889 1902 922 1950 si
942 1900 1303 1966 Augustoduni
1325 1936 1336 1956 ,
1364 1906 1416 1950 in
1429 1903 1521 1950 saxi
1534 1905 1708 1953 medio
1720 1904 1811 1952 bu--
1841 1900 1871 1947 l·
1892 1911 1932 1943 1·
1952 1914 1992 1947 0·
2006 1894 2057 1965 6·

57 1921 243 2017 {onem
281 1968 545 2035 inventum
576 1997 589 2016 ‚
627 1966 698 2013 uti
730 1966 780 2014 δε
811 1966 861 2012 in
890 1964 1219 2039 petragiffissa
1243 1964 1519 2030 serpentem
1538 1969 1743 2016 vivum?
1777 1966 1813 2017 fi

63 2034 116 2082 in
131 2030 321 2079 scotia,
335 2026 608 2088 Infulisque
628 2026 929 2076 Hebridibus
948 2027 1036 2078 tibi
1057 2025 1356 2077 monstraret
1372 2041 1537 2078 anates
1552 2026 1581 2079 ὲ
1596 2030 1724 2086 folijs
1739 2047 1813 2079 ar-

62 2093 253 2143 borum
273 2093 324 2140 in
348 2106 485 2138 mare
508 2090 727 2139 deciduis
752 2123 764 2143 ‚
801 2103 886 2139 aut
917 2093 1070 2139 etiam
1100 2091 1287 2139 anseres
1310 2087 1337 2140 ὲ
1363 2093 1568 2157 putridis
1604 2096 1813 2143 navium

63 2154 224 2207 frustis
248 2166 422 2202 enatos
445 2155 460 2201 ἒ
497 2150 649 2202 Certe
662 2155 814 2202 talem
834 2166 1033 2202 anatem
1051 2153 1269 2204 habuiffe
1289 2156 1332 2203 se
1345 2155 1503 2203 asserit
1525 2156 1816 2206 Aldrovan-

65 2220 157 2269 dus
175 2255 188 2270 ‚
212 2212 452 2277 fuiffeque
473 2215 679 2266 dimidia
699 2218 926 2281 corporis
955 2229 1090 2282 parte
1115 2233 1261 2266 avem
1283 2251 1296 2271 ‚
1331 2220 1417 2266 reli
1460 2217 1520 2267 ua
1540 2219 1722 2268 folium
1744 2236 1815 2269 ar-

63 2283 218 2332 boris.
286 2280 448 2343 Qod
471 2280 505 2328 fi
528 2313 542 2334 ,
561 2283 793 2343 inquam,
815 2279 1056 2336 ejusmodi
1087 2294 1271 2330 naturae
1298 2282 1442 2330 moni
1470 2298 1520 2330 ra
1543 2281 1632 2331 tibi
1654 2298 1817 2347 oppo-

67 2358 207 2395 neret
224 2377 238 2397 ‚
264 2358 327 2391 an
349 2342 715 2408 Panspermiam
734 2343 1019 2393 admitteres
1044 2359 1161 2392 cum
1179 2345 1481 2408 Anaxagora
1511 2346 1814 2394 animatam?

70 2407 105 2457 s1
131 2419 394 2471 oggereret
407 2407 495 2455 tibi
516 2405 876 2466 Metamovpbofin
890 2406 1095 2467 phyficam
1111 2442 1122 2457 ,
1145 2423 1244 2470 qua
1263 2407 1443 2457 cicadae
1467 2407 1670 2458 Brafiliae
1685 2412 1735 2457 in
1747 2411 1815 2457 vi-

70 2474 238 2521 ventia
260 2471 536 2535 vegetativa
552 2502 565 2524 ‚
594 2469 823 2518 lumbrici
841 2471 890 2517 in
911 2470 1183 2534 papiiiones
1209 2488 1218 2518 :
1243 2485 1341 2533 qua
1365 2487 1478 2519 aves
1496 2471 1725 2534 quaedam
1745 2474 1815 2521 Si·
1844 2479 1958 2526 ‹125ae
1970 2479 2064 2524 Ho-

74 2532 243 2585 nenses
262 2534 313 2582 in
330 2530 581 2598 gratissimi
607 2532 788 2599 saporis
809 2532 957 2597 pisces
948 2531 1149 2647 Esensim
1162 2533 1500 2600 degenerant?
1523 2551 1586 2585 an
1618 2535 1814 2647 aldsana-
1839 2545 2062 2604 'angicoym

1006 2610 1033 2645 e
1067 2610 1097 2644 2
1647 2615 1674 2662 y
1697 2613 1750 2650 m
