<?xml version="1.0" encoding="UTF-8"?>
<!DOCTYPE html PUBLIC "-//W3C//DTD XHTML 1.0 Transitional//EN"
    "http://www.w3.org/TR/xhtml1/DTD/xhtml1-transitional.dtd">
<html xmlns="http://www.w3.org/1999/xhtml" xml:lang="en" lang="en">
 <head>
  <title>
</title>
<meta http-equiv="Content-Type" content="text/html;charset=utf-8" />
  <meta name='ocr-system' content='tesseract 3.04.00' />
  <meta name='ocr-capabilities' content='ocr_page ocr_carea ocr_par ocr_line ocrx_word'/>
</head>
<body>
  <div class='ocr_page' id='page_1' title='image "./peripateticusnos00sch_0406.png"; bbox 0 0 2177 2905; ppageno 0'>
   <div class='ocr_carea' id='block_1_1' title="bbox 387 81 1473 134">
    <p class='ocr_par' dir='ltr' id='par_1_1' title="bbox 387 81 1473 134">
     <span class='ocr_line' id='line_1_1' title="bbox 387 81 1473 134; baseline 0.003 -4"><span class='ocrx_word' id='word_1_1' title='bbox 387 94 408 130; x_wconf 88' lang='lat'>1</span> <span class='ocrx_word' id='word_1_2' title='bbox 421 96 439 130; x_wconf 90' lang='lat'>1</span> <span class='ocrx_word' id='word_1_3' title='bbox 450 81 479 129; x_wconf 80' lang='lat'><em>6</em></span> <span class='ocrx_word' id='word_1_4' title='bbox 951 82 1190 132; x_wconf 80' lang='lat' dir='ltr'><em>Academia</em></span> <span class='ocrx_word' id='word_1_5' title='bbox 1220 85 1473 134; x_wconf 78' lang='lat' dir='ltr'>Brutorum.</span> 
     </span>
    </p>
   </div>
   <div class='ocr_carea' id='block_1_2' title="bbox 292 168 2091 2626">
    <p class='ocr_par' dir='ltr' id='par_1_2' title="bbox 292 168 2091 476">
     <span class='ocr_line' id='line_1_2' title="bbox 316 168 2068 229; baseline 0 -5"><span class='ocrx_word' id='word_1_6' title='bbox 316 176 442 225; x_wconf 79' lang='lat' dir='ltr'>tlam</span> <span class='ocrx_word' id='word_1_7' title='bbox 465 173 740 224; x_wconf 84' lang='lat' dir='ltr'><strong>exornavit.</strong></span> <span class='ocrx_word' id='word_1_8' title='bbox 807 171 963 221; x_wconf 86' lang='lat' dir='ltr'><em>MEL:</em></span> <span class='ocrx_word' id='word_1_9' title='bbox 1033 174 1092 222; x_wconf 91' lang='lat' dir='ltr'>In</span> <span class='ocrx_word' id='word_1_10' title='bbox 1118 172 1455 223; x_wconf 86' lang='lat' dir='ltr'>Academiam</span> <span class='ocrx_word' id='word_1_11' title='bbox 1481 183 1532 220; x_wconf 89' lang='lat' dir='ltr'>te</span> <span class='ocrx_word' id='word_1_12' title='bbox 1555 169 1740 221; x_wconf 87' lang='lat' dir='ltr'>ducam</span> <span class='ocrx_word' id='word_1_13' title='bbox 1761 168 2068 229; x_wconf 64' lang='lat' dir='ltr'>hodicmon</span> 
     </span>
     <span class='ocr_line' id='line_1_3' title="bbox 316 231 2069 301; baseline -0.001 -13"><span class='ocrx_word' id='word_1_14' title='bbox 316 239 454 288; x_wconf 88' lang='lat' dir='ltr'>illam</span> <span class='ocrx_word' id='word_1_15' title='bbox 478 236 686 299; x_wconf 86' lang='lat' dir='ltr'>quidem</span> <span class='ocrx_word' id='word_1_16' title='bbox 702 235 1032 290; x_wconf 87' lang='lat' dir='ltr'>Platonicam,</span> <span class='ocrx_word' id='word_1_17' title='bbox 1045 237 1124 285; x_wconf 90' lang='lat' dir='ltr'>sed</span> <span class='ocrx_word' id='word_1_18' title='bbox 1147 237 1458 298; x_wconf 86' lang='lat' dir='ltr'>illam,quam</span> <span class='ocrx_word' id='word_1_19' title='bbox 1475 231 1861 301; x_wconf 89' lang='lat' dir='ltr'>Pan,Pastorum</span> <span class='ocrx_word' id='word_1_20' title='bbox 1874 238 2069 294; x_wconf 88' lang='lat' dir='ltr'>DEUS,</span> 
     </span>
     <span class='ocr_line' id='line_1_4' title="bbox 314 297 2074 366; baseline -0.001 -15"><span class='ocrx_word' id='word_1_21' title='bbox 314 302 368 351; x_wconf 89' lang='lat' dir='ltr'>in</span> <span class='ocrx_word' id='word_1_22' title='bbox 387 303 559 365; x_wconf 85' lang='lat' dir='ltr'>pratis3</span> <span class='ocrx_word' id='word_1_23' title='bbox 595 313 750 363; x_wconf 88' lang='lat' dir='ltr'>quam</span> <span class='ocrx_word' id='word_1_24' title='bbox 773 301 825 348; x_wconf 91' lang='lat' dir='ltr'>in</span> <span class='ocrx_word' id='word_1_25' title='bbox 848 301 1007 364; x_wconf 90' lang='lat' dir='ltr'>Sylvis</span> <span class='ocrx_word' id='word_1_26' title='bbox 1027 301 1206 352; x_wconf 89' lang='lat' dir='ltr'>Diana,</span> <span class='ocrx_word' id='word_1_27' title='bbox 1233 300 1524 355; x_wconf 84' lang='lat' dir='ltr'>volucrum,</span> <span class='ocrx_word' id='word_1_28' title='bbox 1544 297 1866 363; x_wconf 76' lang='lat' dir='ltr'>ferarumque</span> <span class='ocrx_word' id='word_1_29' title='bbox 1878 302 2074 366; x_wconf 88' lang='lat' dir='ltr'>Regina</span> 
     </span>
     <span class='ocr_line' id='line_1_5' title="bbox 292 361 2091 476; baseline -0.003 -64"><span class='ocrx_word' id='word_1_30' title='bbox 292 361 631 476; x_wconf 36' lang='lat' dir='ltr'>⁸ss‘hilosophis</span> <span class='ocrx_word' id='word_1_31' title='bbox 651 365 825 412; x_wconf 73' lang='lat' dir='ltr'>erexitt</span> <span class='ocrx_word' id='word_1_32' title='bbox 861 363 1041 417; x_wconf 82' lang='lat' dir='ltr'>verbo,</span> <span class='ocrx_word' id='word_1_33' title='bbox 1056 365 1108 412; x_wconf 91' lang='lat' dir='ltr'>in</span> <span class='ocrx_word' id='word_1_34' title='bbox 1121 364 1401 410; x_wconf 76' lang='lat' dir='ltr'>Academiam</span> <span class='ocrx_word' id='word_1_35' title='bbox 1415 367 1666 417; x_wconf 81' lang='lat' dir='ltr'><em>Brutorum,</em></span> <span class='ocrx_word' id='word_1_36' title='bbox 1684 363 1986 428; x_wconf 85' lang='lat' dir='ltr'>Sophorum</span> <span class='ocrx_word' id='word_1_37' title='bbox 2001 365 2091 415; x_wconf 80' lang='lat' dir='ltr'>di...</span> 
     </span>
    </p>

    <p class='ocr_par' dir='ltr' id='par_1_3' title="bbox 310 424 2074 2012">
     <span class='ocr_line' id='line_1_6' title="bbox 337 424 2071 492; baseline 0.001 -16"><span class='ocrx_word' id='word_1_38' title='bbox 337 426 477 476; x_wconf 87' lang='lat' dir='ltr'>cursu</span> <span class='ocrx_word' id='word_1_39' title='bbox 501 458 514 481; x_wconf 88' lang='lat'>‚</span> <span class='ocrx_word' id='word_1_40' title='bbox 544 438 695 489; x_wconf 85' lang='lat' dir='ltr'>atque</span> <span class='ocrx_word' id='word_1_41' title='bbox 723 426 931 476; x_wconf 88' lang='lat' dir='ltr'>decursu</span> <span class='ocrx_word' id='word_1_42' title='bbox 960 425 1310 492; x_wconf 75' lang='lat' dir='ltr'>dignissimam.</span> <span class='ocrx_word' id='word_1_43' title='bbox 1395 424 1593 478; x_wconf 82' lang='lat' dir='ltr'><strong>LEUC:</strong></span> <span class='ocrx_word' id='word_1_44' title='bbox 1661 428 1854 477; x_wconf 86' lang='lat' dir='ltr'>Orcxin</span> <span class='ocrx_word' id='word_1_45' title='bbox 1890 440 2071 479; x_wconf 86' lang='lat' dir='ltr'>movet</span> 
     </span>
     <span class='ocr_line' id='line_1_7' title="bbox 316 487 2074 558; baseline 0 -18"><span class='ocrx_word' id='word_1_46' title='bbox 316 489 630 541; x_wconf 87' lang='lat' dir='ltr'>Athenaeum</span> <span class='ocrx_word' id='word_1_47' title='bbox 653 487 755 540; x_wconf 92' lang='lat' dir='ltr'>hoc</span> <span class='ocrx_word' id='word_1_48' title='bbox 775 505 975 540; x_wconf 87' lang='lat' dir='ltr'>novum</span> <span class='ocrx_word' id='word_1_49' title='bbox 989 523 1003 544; x_wconf 91' lang='lat'>,</span> <span class='ocrx_word' id='word_1_50' title='bbox 1024 493 1074 540; x_wconf 85' lang='lat'>&amp;</span> <span class='ocrx_word' id='word_1_51' title='bbox 1095 489 1431 553; x_wconf 86' lang='lat' dir='ltr'>paradoxum:</span> <span class='ocrx_word' id='word_1_52' title='bbox 1468 489 1548 539; x_wconf 92' lang='lat' dir='ltr'>scd</span> <span class='ocrx_word' id='word_1_53' title='bbox 1564 489 1686 553; x_wconf 89' lang='lat' dir='ltr'>quid</span> <span class='ocrx_word' id='word_1_54' title='bbox 1707 490 1874 539; x_wconf 88' lang='lat' dir='ltr'>dicent</span> <span class='ocrx_word' id='word_1_55' title='bbox 1898 492 2074 558; x_wconf 87' lang='lat' dir='ltr'>impal-</span> 
     </span>
     <span class='ocr_line' id='line_1_8' title="bbox 315 553 2073 619; baseline 0.001 -16"><span class='ocrx_word' id='word_1_56' title='bbox 315 554 472 604; x_wconf 90' lang='lat' dir='ltr'>lentes</span> <span class='ocrx_word' id='word_1_57' title='bbox 498 554 699 604; x_wconf 87' lang='lat' dir='ltr'>Timaeo</span> <span class='ocrx_word' id='word_1_58' title='bbox 726 553 815 603; x_wconf 91' lang='lat' dir='ltr'>suo</span> <span class='ocrx_word' id='word_1_59' title='bbox 848 554 1113 603; x_wconf 77' lang='lat' dir='ltr'>Platones?</span> <span class='ocrx_word' id='word_1_60' title='bbox 1158 553 1280 616; x_wconf 88' lang='lat' dir='ltr'>quid</span> <span class='ocrx_word' id='word_1_61' title='bbox 1308 556 1360 603; x_wconf 91' lang='lat' dir='ltr'>in</span> <span class='ocrx_word' id='word_1_62' title='bbox 1391 553 1612 603; x_wconf 85' lang='lat' dir='ltr'>litteratis</span> <span class='ocrx_word' id='word_1_63' title='bbox 1631 553 1880 618; x_wconf 85' lang='lat' dir='ltr'>Emporiis</span> <span class='ocrx_word' id='word_1_64' title='bbox 1913 558 2073 619; x_wconf 87' lang='lat' dir='ltr'>togati</span> 
     </span>
     <span class='ocr_line' id='line_1_9' title="bbox 314 614 2072 682; baseline -0.001 -14"><span class='ocrx_word' id='word_1_65' title='bbox 314 618 508 670; x_wconf 84' lang='lat' dir='ltr'>Patres,</span> <span class='ocrx_word' id='word_1_66' title='bbox 536 614 571 664; x_wconf 81' lang='lat' dir='ltr'>fi</span> <span class='ocrx_word' id='word_1_67' title='bbox 591 616 831 665; x_wconf 63' lang='lat' dir='ltr'>derelifflm</span> <span class='ocrx_word' id='word_1_68' title='bbox 856 617 1058 681; x_wconf 88' lang='lat' dir='ltr'>pluteo,</span> <span class='ocrx_word' id='word_1_69' title='bbox 1084 616 1221 669; x_wconf 83' lang='lat' dir='ltr'>Urbe</span> <span class='ocrx_word' id='word_1_70' title='bbox 1250 615 1462 679; x_wconf 81' lang='lat' dir='ltr'>egreffos</span> <span class='ocrx_word' id='word_1_71' title='bbox 1486 616 1722 671; x_wconf 89' lang='lat' dir='ltr'>viderint,</span> <span class='ocrx_word' id='word_1_72' title='bbox 1741 630 1877 682; x_wconf 88' lang='lat' dir='ltr'>prata</span> <span class='ocrx_word' id='word_1_73' title='bbox 1907 620 2072 668; x_wconf 83' lang='lat' dir='ltr'>viren-</span> 
     </span>
     <span class='ocr_line' id='line_1_10' title="bbox 314 680 2069 745; baseline 0.002 -16"><span class='ocrx_word' id='word_1_74' title='bbox 314 682 410 735; x_wconf 86' lang='lat' dir='ltr'>tia,</span> <span class='ocrx_word' id='word_1_75' title='bbox 432 682 483 731; x_wconf 70' lang='grc' dir='ltr'>ὅ(</span> <span class='ocrx_word' id='word_1_76' title='bbox 513 694 719 729; x_wconf 86' lang='lat' dir='ltr'>amoena</span> <span class='ocrx_word' id='word_1_77' title='bbox 741 680 1005 744; x_wconf 87' lang='lat' dir='ltr'>Sylvarum</span> <span class='ocrx_word' id='word_1_78' title='bbox 1042 681 1333 730; x_wconf 88' lang='lat' dir='ltr'>umbracula</span> <span class='ocrx_word' id='word_1_79' title='bbox 1360 682 1647 745; x_wconf 75' lang='lat' dir='ltr'>pervagari?</span> <span class='ocrx_word' id='word_1_80' title='bbox 1731 683 1897 727; x_wconf 87' lang='lat' dir='ltr'><em>MEL:</em></span> <span class='ocrx_word' id='word_1_81' title='bbox 1973 684 2069 731; x_wconf 86' lang='lat' dir='ltr'>Nae</span> 
     </span>
     <span class='ocr_line' id='line_1_11' title="bbox 313 741 2072 807; baseline 0.001 -15"><span class='ocrx_word' id='word_1_82' title='bbox 313 756 372 793; x_wconf 91' lang='lat' dir='ltr'>tu</span> <span class='ocrx_word' id='word_1_83' title='bbox 398 744 532 792; x_wconf 82' lang='lat' dir='ltr'>inani</span> <span class='ocrx_word' id='word_1_84' title='bbox 553 755 693 792; x_wconf 86' lang='lat' dir='ltr'>metu</span> <span class='ocrx_word' id='word_1_85' title='bbox 711 742 1000 792; x_wconf 88' lang='lat' dir='ltr'>conficeris:</span> <span class='ocrx_word' id='word_1_86' title='bbox 1038 744 1486 807; x_wconf 81' lang='lat' dir='ltr'>Peripateticorum</span> <span class='ocrx_word' id='word_1_87' title='bbox 1524 741 1592 791; x_wconf 90' lang='lat' dir='ltr'>est</span> <span class='ocrx_word' id='word_1_88' title='bbox 1620 742 1902 792; x_wconf 87' lang='lat' dir='ltr'>ambulare:</span> <span class='ocrx_word' id='word_1_89' title='bbox 1960 744 2072 794; x_wconf 86' lang='lat' dir='ltr'>Phi-</span> 
     </span>
     <span class='ocr_line' id='line_1_12' title="bbox 313 802 2067 872; baseline 0 -16"><span class='ocrx_word' id='word_1_90' title='bbox 313 805 656 872; x_wconf 87' lang='lat' dir='ltr'>losophorum</span> <span class='ocrx_word' id='word_1_91' title='bbox 689 802 760 855; x_wconf 89' lang='lat' dir='ltr'>est</span> <span class='ocrx_word' id='word_1_92' title='bbox 778 807 1003 855; x_wconf 89' lang='lat' dir='ltr'>incolere</span> <span class='ocrx_word' id='word_1_93' title='bbox 1039 806 1218 855; x_wconf 88' lang='lat' dir='ltr'>hortos</span> <span class='ocrx_word' id='word_1_94' title='bbox 1238 838 1251 858; x_wconf 89' lang='lat'>,</span> <span class='ocrx_word' id='word_1_95' title='bbox 1283 805 1505 854; x_wconf 82' lang='lat' dir='ltr'>habitare</span> <span class='ocrx_word' id='word_1_96' title='bbox 1539 806 1676 854; x_wconf 90' lang='lat' dir='ltr'>villas</span> <span class='ocrx_word' id='word_1_97' title='bbox 1696 838 1710 859; x_wconf 82' lang='lat'>,</span> <span class='ocrx_word' id='word_1_98' title='bbox 1743 809 1792 855; x_wconf 67' lang='grc' dir='ltr'>ὃς</span> <span class='ocrx_word' id='word_1_99' title='bbox 1823 823 2067 861; x_wconf 87' lang='lat' dir='ltr'>nemora,</span> 
     </span>
     <span class='ocr_line' id='line_1_13' title="bbox 314 865 2067 923; baseline -0.001 -3"><span class='ocrx_word' id='word_1_100' title='bbox 314 886 425 920; x_wconf 90' lang='lat' dir='ltr'>non</span> <span class='ocrx_word' id='word_1_101' title='bbox 459 882 515 919; x_wconf 92' lang='lat' dir='ltr'>ut</span> <span class='ocrx_word' id='word_1_102' title='bbox 547 871 803 923; x_wconf 89' lang='lat' dir='ltr'>otientur,</span> <span class='ocrx_word' id='word_1_103' title='bbox 832 868 915 917; x_wconf 84' lang='lat' dir='ltr'>sed</span> <span class='ocrx_word' id='word_1_104' title='bbox 944 882 998 917; x_wconf 90' lang='lat' dir='ltr'>ut</span> <span class='ocrx_word' id='word_1_105' title='bbox 1034 868 1366 917; x_wconf 77' lang='lat' dir='ltr'>commodius</span> <span class='ocrx_word' id='word_1_106' title='bbox 1398 865 1654 919; x_wconf 65' lang='lat' dir='ltr'>studeant,</span> <span class='ocrx_word' id='word_1_107' title='bbox 1702 883 1812 916; x_wconf 92' lang='lat' dir='ltr'>non</span> <span class='ocrx_word' id='word_1_108' title='bbox 1849 882 1903 917; x_wconf 91' lang='lat' dir='ltr'>ut</span> <span class='ocrx_word' id='word_1_109' title='bbox 1931 870 2067 919; x_wconf 86' lang='lat' dir='ltr'>dedi-</span> 
     </span>
     <span class='ocr_line' id='line_1_14' title="bbox 315 929 2072 997; baseline -0.001 -14"><span class='ocrx_word' id='word_1_110' title='bbox 315 933 475 987; x_wconf 87' lang='lat' dir='ltr'>scant,</span> <span class='ocrx_word' id='word_1_111' title='bbox 494 947 604 995; x_wconf 85' lang='lat' dir='ltr'>quae</span> <span class='ocrx_word' id='word_1_112' title='bbox 627 930 845 982; x_wconf 68' lang='lat' dir='ltr'>didicere</span> <span class='ocrx_word' id='word_1_113' title='bbox 874 935 924 980; x_wconf 92' lang='lat' dir='ltr'>in</span> <span class='ocrx_word' id='word_1_114' title='bbox 949 931 1192 984; x_wconf 85' lang='lat' dir='ltr'>Urbibus,</span> <span class='ocrx_word' id='word_1_115' title='bbox 1216 930 1298 978; x_wconf 90' lang='lat' dir='ltr'>sed</span> <span class='ocrx_word' id='word_1_116' title='bbox 1334 942 1386 978; x_wconf 89' lang='lat' dir='ltr'>ut</span> <span class='ocrx_word' id='word_1_117' title='bbox 1408 930 1583 979; x_wconf 67' lang='lat' dir='ltr'>melitis</span> <span class='ocrx_word' id='word_1_118' title='bbox 1615 929 1822 985; x_wconf 88' lang='lat' dir='ltr'>discant,</span> <span class='ocrx_word' id='word_1_119' title='bbox 1844 947 1953 994; x_wconf 89' lang='lat' dir='ltr'>quae</span> <span class='ocrx_word' id='word_1_120' title='bbox 1983 948 2072 997; x_wconf 89' lang='lat' dir='ltr'>per</span> 
     </span>
     <span class='ocr_line' id='line_1_15' title="bbox 314 991 2073 1058; baseline -0.002 -10"><span class='ocrx_word' id='word_1_121' title='bbox 314 997 462 1048; x_wconf 86' lang='lat' dir='ltr'><strong>Urbis</strong></span> <span class='ocrx_word' id='word_1_122' title='bbox 491 996 798 1045; x_wconf 86' lang='lat' dir='ltr'>tumultuosa</span> <span class='ocrx_word' id='word_1_123' title='bbox 822 994 1162 1043; x_wconf 87' lang='lat' dir='ltr'>incommoda</span> <span class='ocrx_word' id='word_1_124' title='bbox 1190 992 1372 1041; x_wconf 76' lang='lat' dir='ltr'>discere</span> <span class='ocrx_word' id='word_1_125' title='bbox 1401 1009 1510 1041; x_wconf 90' lang='lat' dir='ltr'>non</span> <span class='ocrx_word' id='word_1_126' title='bbox 1541 991 1771 1058; x_wconf 63' lang='lat' dir='ltr'>potuere.</span> <span class='ocrx_word' id='word_1_127' title='bbox 1874 997 2073 1046; x_wconf 89' lang='lat' dir='ltr'>Oculos</span> 
     </span>
     <span class='ocr_line' id='line_1_16' title="bbox 312 1056 2069 1123; baseline -0.001 -14"><span class='ocrx_word' id='word_1_128' title='bbox 312 1061 562 1121; x_wconf 81' lang='lat' dir='ltr'>immerge</span> <span class='ocrx_word' id='word_1_129' title='bbox 586 1057 883 1123; x_wconf 75' lang='lat' dir='ltr'>profundius</span> <span class='ocrx_word' id='word_1_130' title='bbox 911 1060 962 1105; x_wconf 91' lang='lat' dir='ltr'>in</span> <span class='ocrx_word' id='word_1_131' title='bbox 983 1056 1413 1121; x_wconf 86' lang='lat' dir='ltr'>Philosophorum</span> <span class='ocrx_word' id='word_1_132' title='bbox 1440 1057 1642 1105; x_wconf 84' lang='lat' dir='ltr'>vivendi</span> <span class='ocrx_word' id='word_1_133' title='bbox 1666 1056 1968 1108; x_wconf 87' lang='lat' dir='ltr'>methodum</span> <span class='ocrx_word' id='word_1_134' title='bbox 1985 1092 1998 1113; x_wconf 87' lang='lat'>‚</span> <span class='ocrx_word' id='word_1_135' title='bbox 2018 1063 2069 1111; x_wconf 73' lang='grc' dir='ltr'>δε</span> 
     </span>
     <span class='ocr_line' id='line_1_17' title="bbox 313 1120 2067 1185; baseline 0 -13"><span class='ocrx_word' id='word_1_136' title='bbox 313 1122 508 1172; x_wconf 84' lang='lat' dir='ltr'>videbis</span> <span class='ocrx_word' id='word_1_137' title='bbox 527 1123 888 1170; x_wconf 85' lang='lat' dir='ltr'>Democritum</span> <span class='ocrx_word' id='word_1_138' title='bbox 910 1120 1214 1169; x_wconf 89' lang='lat' dir='ltr'>Abderitem</span> <span class='ocrx_word' id='word_1_139' title='bbox 1245 1120 1332 1168; x_wconf 90' lang='lat' dir='ltr'>sub</span> <span class='ocrx_word' id='word_1_140' title='bbox 1364 1121 1572 1169; x_wconf 87' lang='lat' dir='ltr'>Platano</span> <span class='ocrx_word' id='word_1_141' title='bbox 1601 1120 2067 1185; x_wconf 86' lang='lat' dir='ltr'>philosophantem:</span> 
     </span>
     <span class='ocr_line' id='line_1_18' title="bbox 315 1183 2070 1247; baseline -0.001 -12"><span class='ocrx_word' id='word_1_142' title='bbox 315 1185 530 1236; x_wconf 84' lang='lat' dir='ltr'>Laidem</span> <span class='ocrx_word' id='word_1_143' title='bbox 551 1185 855 1247; x_wconf 84' lang='lat' dir='ltr'>Cyrenaeum</span> <span class='ocrx_word' id='word_1_144' title='bbox 879 1200 988 1232; x_wconf 90' lang='lat' dir='ltr'>non</span> <span class='ocrx_word' id='word_1_145' title='bbox 1012 1184 1098 1233; x_wconf 82' lang='lat' dir='ltr'>nifi</span> <span class='ocrx_word' id='word_1_146' title='bbox 1121 1184 1397 1233; x_wconf 86' lang='lat' dir='ltr'>docentem</span> <span class='ocrx_word' id='word_1_147' title='bbox 1421 1185 1471 1231; x_wconf 87' lang='lat' dir='ltr'>in</span> <span class='ocrx_word' id='word_1_148' title='bbox 1501 1183 1674 1238; x_wconf 87' lang='lat' dir='ltr'>hortis,</span> <span class='ocrx_word' id='word_1_149' title='bbox 1696 1199 1826 1246; x_wconf 88' lang='lat' dir='ltr'>quos</span> <span class='ocrx_word' id='word_1_150' title='bbox 1844 1187 1954 1235; x_wconf 86' lang='lat' dir='ltr'>Rex</span> <span class='ocrx_word' id='word_1_151' title='bbox 1975 1190 2070 1236; x_wconf 87' lang='lat' dir='ltr'>At-</span> 
     </span>
     <span class='ocr_line' id='line_1_19' title="bbox 311 1246 2070 1311; baseline 0 -13"><span class='ocrx_word' id='word_1_152' title='bbox 311 1249 438 1298; x_wconf 88' lang='lat' dir='ltr'>talus</span> <span class='ocrx_word' id='word_1_153' title='bbox 458 1248 668 1311; x_wconf 71' lang='lat' dir='ltr'>huncjn</span> <span class='ocrx_word' id='word_1_154' title='bbox 699 1246 854 1296; x_wconf 86' lang='lat' dir='ltr'>finem</span> <span class='ocrx_word' id='word_1_155' title='bbox 888 1260 1131 1296; x_wconf 84' lang='lat' dir='ltr'>erexerat:</span> <span class='ocrx_word' id='word_1_156' title='bbox 1185 1261 1356 1295; x_wconf 89' lang='lat' dir='ltr'>cernes</span> <span class='ocrx_word' id='word_1_157' title='bbox 1382 1247 1726 1296; x_wconf 67' lang='lat' dir='ltr'>Palaemonem</span> <span class='ocrx_word' id='word_1_158' title='bbox 1756 1248 2070 1298; x_wconf 89' lang='lat' dir='ltr'>erudientem</span> 
     </span>
     <span class='ocr_line' id='line_1_20' title="bbox 311 1306 2070 1377; baseline 0.001 -16"><span class='ocrx_word' id='word_1_159' title='bbox 311 1312 425 1363; x_wconf 91' lang='lat' dir='ltr'>suos</span> <span class='ocrx_word' id='word_1_160' title='bbox 448 1315 500 1362; x_wconf 92' lang='lat' dir='ltr'>in</span> <span class='ocrx_word' id='word_1_161' title='bbox 531 1313 678 1376; x_wconf 87' lang='lat' dir='ltr'>pratis</span> <span class='ocrx_word' id='word_1_162' title='bbox 697 1310 912 1364; x_wconf 86' lang='lat' dir='ltr'>floridis,</span> <span class='ocrx_word' id='word_1_163' title='bbox 943 1313 993 1359; x_wconf 91' lang='lat' dir='ltr'>in</span> <span class='ocrx_word' id='word_1_164' title='bbox 1026 1311 1206 1374; x_wconf 86' lang='lat' dir='ltr'>quibus</span> <span class='ocrx_word' id='word_1_165' title='bbox 1237 1306 1519 1359; x_wconf 65' lang='lat' dir='ltr'>construsta</span> <span class='ocrx_word' id='word_1_166' title='bbox 1551 1309 1804 1360; x_wconf 88' lang='lat' dir='ltr'>habebant</span> <span class='ocrx_word' id='word_1_167' title='bbox 1831 1312 2070 1377; x_wconf 87' lang='lat' dir='ltr'>Discipuli</span> 
     </span>
     <span class='ocr_line' id='line_1_21' title="bbox 311 1371 2065 1439; baseline 0 -14"><span class='ocrx_word' id='word_1_168' title='bbox 311 1376 394 1425; x_wconf 89' lang='lat' dir='ltr'>sua</span> <span class='ocrx_word' id='word_1_169' title='bbox 416 1377 640 1439; x_wconf 88' lang='lat' dir='ltr'>tuguria:</span> <span class='ocrx_word' id='word_1_170' title='bbox 695 1371 1011 1439; x_wconf 86' lang='lat' dir='ltr'>obstupesces</span> <span class='ocrx_word' id='word_1_171' title='bbox 1041 1375 1298 1428; x_wconf 87' lang='lat' dir='ltr'>Tullium,</span> <span class='ocrx_word' id='word_1_172' title='bbox 1327 1389 1435 1423; x_wconf 89' lang='lat' dir='ltr'>non</span> <span class='ocrx_word' id='word_1_173' title='bbox 1476 1372 1641 1422; x_wconf 80' lang='lat' dir='ltr'>minus</span> <span class='ocrx_word' id='word_1_174' title='bbox 1672 1373 2065 1439; x_wconf 88' lang='lat' dir='ltr'>Philosophum,</span> 
     </span>
     <span class='ocr_line' id='line_1_22' title="bbox 311 1435 2074 1503; baseline 0.001 -16"><span class='ocrx_word' id='word_1_175' title='bbox 311 1437 470 1502; x_wconf 76' lang='lat' dir='ltr'>quam</span> <span class='ocrx_word' id='word_1_176' title='bbox 484 1441 777 1491; x_wconf 85' lang='lat' dir='ltr'>Oratorem,</span> <span class='ocrx_word' id='word_1_177' title='bbox 795 1438 1134 1487; x_wconf 84' lang='lat' dir='ltr'>Academiam</span> <span class='ocrx_word' id='word_1_178' title='bbox 1153 1439 1290 1487; x_wconf 88' lang='lat' dir='ltr'>suam</span> <span class='ocrx_word' id='word_1_179' title='bbox 1316 1435 1512 1485; x_wconf 74' lang='lat' dir='ltr'>erexiss&#39;e</span> <span class='ocrx_word' id='word_1_180' title='bbox 1533 1439 1586 1485; x_wconf 91' lang='lat' dir='ltr'>in</span> <span class='ocrx_word' id='word_1_181' title='bbox 1605 1437 1746 1491; x_wconf 86' lang='lat' dir='ltr'>villis,</span> <span class='ocrx_word' id='word_1_182' title='bbox 1764 1453 1789 1486; x_wconf 91' lang='lat' dir='ltr'>a</span> <span class='ocrx_word' id='word_1_183' title='bbox 1795 1435 1878 1503; x_wconf 66' lang='lat' dir='ltr'>pta</span> <span class='ocrx_word' id='word_1_184' title='bbox 1895 1438 2074 1489; x_wconf 88' lang='lat' dir='ltr'>ambu-</span> 
     </span>
     <span class='ocr_line' id='line_1_23' title="bbox 310 1500 2072 1568; baseline 0.001 -17"><span class='ocrx_word' id='word_1_185' title='bbox 310 1502 582 1551; x_wconf 85' lang='lat' dir='ltr'>lationibus</span> <span class='ocrx_word' id='word_1_186' title='bbox 606 1505 832 1567; x_wconf 88' lang='lat' dir='ltr'>porticu,</span> <span class='ocrx_word' id='word_1_187' title='bbox 855 1504 905 1552; x_wconf 83' lang='lat'>&amp;</span> <span class='ocrx_word' id='word_1_188' title='bbox 934 1500 1178 1551; x_wconf 88' lang='lat' dir='ltr'>umbroso</span> <span class='ocrx_word' id='word_1_189' title='bbox 1200 1516 1413 1549; x_wconf 90' lang='lat' dir='ltr'>nemore</span> <span class='ocrx_word' id='word_1_190' title='bbox 1433 1500 1713 1549; x_wconf 88' lang='lat' dir='ltr'>celebrem:</span> <span class='ocrx_word' id='word_1_191' title='bbox 1748 1503 1828 1551; x_wconf 91' lang='lat' dir='ltr'>cui</span> <span class='ocrx_word' id='word_1_192' title='bbox 1852 1518 1947 1568; x_wconf 89' lang='lat' dir='ltr'>pro</span> <span class='ocrx_word' id='word_1_193' title='bbox 1967 1518 2072 1552; x_wconf 89' lang='lat' dir='ltr'>ma-</span> 
     </span>
     <span class='ocr_line' id='line_1_24' title="bbox 311 1564 2071 1627; baseline 0.001 -13"><span class='ocrx_word' id='word_1_194' title='bbox 311 1565 407 1623; x_wconf 81' lang='lat' dir='ltr'>iori</span> <span class='ocrx_word' id='word_1_195' title='bbox 431 1565 724 1615; x_wconf 88' lang='lat' dir='ltr'>commodo</span> <span class='ocrx_word' id='word_1_196' title='bbox 749 1567 1032 1614; x_wconf 85' lang='lat' dir='ltr'>Marianam</span> <span class='ocrx_word' id='word_1_197' title='bbox 1054 1564 1242 1613; x_wconf 86' lang='lat' dir='ltr'>addidit</span> <span class='ocrx_word' id='word_1_198' title='bbox 1269 1578 1545 1627; x_wconf 90' lang='lat' dir='ltr'>quercum,</span> <span class='ocrx_word' id='word_1_199' title='bbox 1568 1567 1618 1614; x_wconf 75' lang='grc' dir='ltr'>ὅ(</span> <span class='ocrx_word' id='word_1_200' title='bbox 1640 1564 1982 1616; x_wconf 90' lang='lat' dir='ltr'>Tusculanum</span> <span class='ocrx_word' id='word_1_201' title='bbox 2004 1566 2071 1615; x_wconf 89' lang='lat' dir='ltr'>se-</span> 
     </span>
     <span class='ocr_line' id='line_1_25' title="bbox 311 1625 2068 1703; baseline -0.001 -25"><span class='ocrx_word' id='word_1_202' title='bbox 311 1627 501 1678; x_wconf 84' lang='lat' dir='ltr'>ceffum</span> <span class='ocrx_word' id='word_1_203' title='bbox 518 1661 531 1682; x_wconf 94' lang='lat'>,</span> <span class='ocrx_word' id='word_1_204' title='bbox 551 1629 665 1677; x_wconf 85' lang='lat' dir='ltr'>loca</span> <span class='ocrx_word' id='word_1_205' title='bbox 689 1628 1100 1692; x_wconf 86' lang='lat' dir='ltr'>disputationibus</span> <span class='ocrx_word' id='word_1_206' title='bbox 1119 1640 1230 1691; x_wconf 86' lang='lat' dir='ltr'>apta</span> <span class='ocrx_word' id='word_1_207' title='bbox 1250 1659 1263 1678; x_wconf 88' lang='lat'>‚</span> <span class='ocrx_word' id='word_1_208' title='bbox 1291 1626 1425 1675; x_wconf 87' lang='lat' dir='ltr'>unde</span> <span class='ocrx_word' id='word_1_209' title='bbox 1444 1625 1679 1703; x_wconf 58' lang='lat' dir='ltr'>quaestiones</span> <span class='ocrx_word' id='word_1_210' title='bbox 1708 1628 1754 1674; x_wconf 95' lang='lat' dir='ltr'><em>T</em></span> <span class='ocrx_word' id='word_1_211' title='bbox 1745 1629 1941 1685; x_wconf 59' lang='lat' dir='ltr'>asculanae</span> <span class='ocrx_word' id='word_1_212' title='bbox 1958 1627 2068 1677; x_wconf 78' lang='lat' dir='ltr'>adi-</span> 
     </span>
     <span class='ocr_line' id='line_1_26' title="bbox 312 1690 2065 1756; baseline 0 -16"><span class='ocrx_word' id='word_1_213' title='bbox 312 1693 605 1756; x_wconf 88' lang='lat' dir='ltr'>sputationis</span> <span class='ocrx_word' id='word_1_214' title='bbox 633 1691 737 1740; x_wconf 90' lang='lat' dir='ltr'>hoc</span> <span class='ocrx_word' id='word_1_215' title='bbox 776 1690 1056 1740; x_wconf 87' lang='lat' dir='ltr'>Auditorio</span> <span class='ocrx_word' id='word_1_216' title='bbox 1097 1704 1290 1738; x_wconf 87' lang='lat' dir='ltr'>nomen</span> <span class='ocrx_word' id='word_1_217' title='bbox 1337 1701 1529 1737; x_wconf 87' lang='lat' dir='ltr'>traxere</span> <span class='ocrx_word' id='word_1_218' title='bbox 1550 1720 1565 1742; x_wconf 85' lang='lat'>,</span> <span class='ocrx_word' id='word_1_219' title='bbox 1610 1701 1760 1751; x_wconf 79' lang='lat' dir='ltr'>atque</span> <span class='ocrx_word' id='word_1_220' title='bbox 1797 1694 2065 1754; x_wconf 82' lang='lat' dir='ltr'>originem.</span> 
     </span>
     <span class='ocr_line' id='line_1_27' title="bbox 314 1751 2070 1818; baseline -0.002 -13"><span class='ocrx_word' id='word_1_221' title='bbox 314 1757 523 1806; x_wconf 87' lang='lat' dir='ltr'>Omitto</span> <span class='ocrx_word' id='word_1_222' title='bbox 547 1756 875 1818; x_wconf 84' lang='lat' dir='ltr'>Anaxagoras</span> <span class='ocrx_word' id='word_1_223' title='bbox 893 1787 905 1807; x_wconf 94' lang='lat'>,</span> <span class='ocrx_word' id='word_1_224' title='bbox 928 1755 1262 1804; x_wconf 85' lang='lat' dir='ltr'>Xenocrates,</span> <span class='ocrx_word' id='word_1_225' title='bbox 1287 1755 1548 1802; x_wconf 83' lang='lat' dir='ltr'>Zenones,</span> <span class='ocrx_word' id='word_1_226' title='bbox 1576 1751 1887 1807; x_wconf 85' lang='lat' dir='ltr'>Carneades,</span> <span class='ocrx_word' id='word_1_227' title='bbox 1909 1754 2070 1818; x_wconf 91' lang='lat' dir='ltr'>Chry-</span> 
     </span>
     <span class='ocr_line' id='line_1_28' title="bbox 314 1815 2071 1885; baseline -0.002 -17"><span class='ocrx_word' id='word_1_228' title='bbox 314 1818 480 1885; x_wconf 84' lang='lat' dir='ltr'>fippos</span> <span class='ocrx_word' id='word_1_229' title='bbox 494 1851 506 1872; x_wconf 88' lang='lat'>,</span> <span class='ocrx_word' id='word_1_230' title='bbox 528 1818 787 1882; x_wconf 86' lang='lat' dir='ltr'>Diogenes</span> <span class='ocrx_word' id='word_1_231' title='bbox 801 1850 814 1870; x_wconf 93' lang='lat'>,</span> <span class='ocrx_word' id='word_1_232' title='bbox 834 1817 1076 1869; x_wconf 88' lang='lat' dir='ltr'>Solones,</span> <span class='ocrx_word' id='word_1_233' title='bbox 1106 1819 1156 1866; x_wconf 84' lang='lat'>&amp;</span> <span class='ocrx_word' id='word_1_234' title='bbox 1179 1818 1474 1863; x_wconf 88' lang='lat' dir='ltr'>innumeros</span> <span class='ocrx_word' id='word_1_235' title='bbox 1493 1815 1634 1867; x_wconf 88' lang='lat' dir='ltr'>alios,</span> <span class='ocrx_word' id='word_1_236' title='bbox 1655 1818 1740 1878; x_wconf 89' lang='lat' dir='ltr'>qui</span> <span class='ocrx_word' id='word_1_237' title='bbox 1762 1831 1869 1865; x_wconf 92' lang='lat' dir='ltr'>non</span> <span class='ocrx_word' id='word_1_238' title='bbox 1895 1816 1980 1865; x_wconf 85' lang='lat' dir='ltr'>nifi</span> <span class='ocrx_word' id='word_1_239' title='bbox 2004 1821 2071 1864; x_wconf 86' lang='lat' dir='ltr'>in-</span> 
     </span>
     <span class='ocr_line' id='line_1_29' title="bbox 313 1877 2070 1939; baseline -0.004 -11"><span class='ocrx_word' id='word_1_240' title='bbox 313 1896 383 1931; x_wconf 84' lang='lat' dir='ltr'>ter</span> <span class='ocrx_word' id='word_1_241' title='bbox 414 1882 552 1939; x_wconf 81' lang='lat' dir='ltr'>densas</span> <span class='ocrx_word' id='word_1_242' title='bbox 574 1917 586 1932; x_wconf 94' lang='lat'>,</span> <span class='ocrx_word' id='word_1_243' title='bbox 625 1879 816 1937; x_wconf 72' lang='lat' dir='ltr'>umbrossz</span> <span class='ocrx_word' id='word_1_244' title='bbox 848 1883 1065 1925; x_wconf 69' lang='lat' dir='ltr'>cacumina</span> <span class='ocrx_word' id='word_1_245' title='bbox 1088 1911 1101 1933; x_wconf 85' lang='lat'>,</span> <span class='ocrx_word' id='word_1_246' title='bbox 1123 1877 1249 1937; x_wconf 79' lang='lat' dir='ltr'>fagos</span> <span class='ocrx_word' id='word_1_247' title='bbox 1267 1912 1282 1929; x_wconf 78' lang='lat'>,</span> <span class='ocrx_word' id='word_1_248' title='bbox 1316 1880 1367 1927; x_wconf 72' lang='lat' dir='ltr'>&lt;Sc</span> <span class='ocrx_word' id='word_1_249' title='bbox 1392 1877 1594 1931; x_wconf 76' lang='lat' dir='ltr'>docere,</span> <span class='ocrx_word' id='word_1_250' title='bbox 1621 1880 1672 1929; x_wconf 87' lang='lat'>&amp;</span> <span class='ocrx_word' id='word_1_251' title='bbox 1700 1878 1882 1929; x_wconf 82' lang='lat' dir='ltr'>discere</span> <span class='ocrx_word' id='word_1_252' title='bbox 1901 1879 2070 1932; x_wconf 66' lang='lat' dir='ltr'>Philo-</span> 
     </span>
     <span class='ocr_line' id='line_1_30' title="bbox 313 1941 1074 2012; baseline -0.011 -15"><span class='ocrx_word' id='word_1_253' title='bbox 313 1945 516 2012; x_wconf 88' lang='lat' dir='ltr'>sophica</span> <span class='ocrx_word' id='word_1_254' title='bbox 539 1945 715 2008; x_wconf 86' lang='lat' dir='ltr'>placita</span> <span class='ocrx_word' id='word_1_255' title='bbox 747 1941 1074 1992; x_wconf 70' lang='lat' dir='ltr'>assueverunt.</span> 
     </span>
    </p>

    <p class='ocr_par' dir='ltr' id='par_1_4' title="bbox 310 2001 2071 2586">
     <span class='ocr_line' id='line_1_31' title="bbox 446 2001 2070 2070; baseline 0 -13"><span class='ocrx_word' id='word_1_256' title='bbox 446 2008 642 2059; x_wconf 89' lang='lat' dir='ltr'><strong>LEUC:</strong></span> <span class='ocrx_word' id='word_1_257' title='bbox 711 2007 1044 2056; x_wconf 90' lang='lat' dir='ltr'>Convincunt</span> <span class='ocrx_word' id='word_1_258' title='bbox 1069 2020 1151 2054; x_wconf 90' lang='lat' dir='ltr'>me</span> <span class='ocrx_word' id='word_1_259' title='bbox 1165 2001 1682 2056; x_wconf 87' lang='lat' dir='ltr'>testimonia,trahunt</span> <span class='ocrx_word' id='word_1_260' title='bbox 1695 2007 1945 2070; x_wconf 86' lang='lat' dir='ltr'>exempla:</span> <span class='ocrx_word' id='word_1_261' title='bbox 1965 2024 2070 2058; x_wconf 88' lang='lat' dir='ltr'>am-</span> 
     </span>
     <span class='ocr_line' id='line_1_32' title="bbox 314 2067 2069 2135; baseline -0.002 -13"><span class='ocrx_word' id='word_1_262' title='bbox 314 2071 600 2122; x_wconf 84' lang='lat' dir='ltr'>bulabimus</span> <span class='ocrx_word' id='word_1_263' title='bbox 633 2071 778 2133; x_wconf 85' lang='lat' dir='ltr'>igitur</span> <span class='ocrx_word' id='word_1_264' title='bbox 806 2068 1126 2133; x_wconf 83' lang='lat' dir='ltr'>disputando,</span> <span class='ocrx_word' id='word_1_265' title='bbox 1150 2072 1199 2118; x_wconf 72' lang='lat' dir='ltr'>&lt;Sc</span> <span class='ocrx_word' id='word_1_266' title='bbox 1231 2067 1586 2131; x_wconf 84' lang='lat' dir='ltr'>disputabimus</span> <span class='ocrx_word' id='word_1_267' title='bbox 1609 2068 1919 2117; x_wconf 84' lang='lat' dir='ltr'>ambulando</span> <span class='ocrx_word' id='word_1_268' title='bbox 1935 2103 1948 2123; x_wconf 87' lang='lat'>‚</span> <span class='ocrx_word' id='word_1_269' title='bbox 1969 2072 2069 2135; x_wconf 85' lang='lat' dir='ltr'>pla-</span> 
     </span>
     <span class='ocr_line' id='line_1_33' title="bbox 314 2131 2070 2195; baseline -0.001 -11"><span class='ocrx_word' id='word_1_270' title='bbox 314 2148 394 2185; x_wconf 86' lang='lat' dir='ltr'>cet</span> <span class='ocrx_word' id='word_1_271' title='bbox 421 2134 524 2183; x_wconf 84' lang='lat' dir='ltr'>haec</span> <span class='ocrx_word' id='word_1_272' title='bbox 552 2134 841 2185; x_wconf 86' lang='lat' dir='ltr'>methodus,</span> <span class='ocrx_word' id='word_1_273' title='bbox 857 2147 964 2195; x_wconf 83' lang='lat' dir='ltr'>quae</span> <span class='ocrx_word' id='word_1_274' title='bbox 987 2135 1142 2195; x_wconf 79' lang='lat' dir='ltr'>jungit</span> <span class='ocrx_word' id='word_1_275' title='bbox 1164 2132 1283 2179; x_wconf 88' lang='lat' dir='ltr'>utile</span> <span class='ocrx_word' id='word_1_276' title='bbox 1303 2131 1450 2178; x_wconf 90' lang='lat' dir='ltr'>dulci.</span> <span class='ocrx_word' id='word_1_277' title='bbox 1519 2132 1582 2178; x_wconf 87' lang='lat' dir='ltr'>Et</span> <span class='ocrx_word' id='word_1_278' title='bbox 1601 2133 1716 2192; x_wconf 89' lang='lat' dir='ltr'>quia</span> <span class='ocrx_word' id='word_1_279' title='bbox 1740 2131 1801 2179; x_wconf 89' lang='lat' dir='ltr'>de</span> <span class='ocrx_word' id='word_1_280' title='bbox 1820 2133 1979 2183; x_wconf 86' lang='lat' dir='ltr'>Brutis</span> <span class='ocrx_word' id='word_1_281' title='bbox 1998 2134 2070 2183; x_wconf 89' lang='lat' dir='ltr'>di-</span> 
     </span>
     <span class='ocr_line' id='line_1_34' title="bbox 315 2193 2068 2259; baseline -0.001 -12"><span class='ocrx_word' id='word_1_282' title='bbox 315 2197 566 2247; x_wconf 86' lang='lat' dir='ltr'>scurrendi</span> <span class='ocrx_word' id='word_1_283' title='bbox 586 2193 655 2244; x_wconf 88' lang='lat' dir='ltr'>cst</span> <span class='ocrx_word' id='word_1_284' title='bbox 676 2200 888 2248; x_wconf 80' lang='lat' dir='ltr'>animus,</span> <span class='ocrx_word' id='word_1_285' title='bbox 903 2208 1085 2259; x_wconf 82' lang='lat' dir='ltr'>patere,</span> <span class='ocrx_word' id='word_1_286' title='bbox 1102 2207 1154 2243; x_wconf 89' lang='lat' dir='ltr'>ut</span> <span class='ocrx_word' id='word_1_287' title='bbox 1174 2195 1260 2242; x_wconf 91' lang='lat' dir='ltr'>tibi</span> <span class='ocrx_word' id='word_1_288' title='bbox 1283 2193 1479 2242; x_wconf 77' lang='lat' dir='ltr'>narrem</span> <span class='ocrx_word' id='word_1_289' title='bbox 1493 2194 1539 2241; x_wconf 84' lang='lat' dir='ltr'>A</span> <span class='ocrx_word' id='word_1_290' title='bbox 1547 2195 1908 2257; x_wconf 74' lang='lat' dir='ltr'>pologun1,qui</span> <span class='ocrx_word' id='word_1_291' title='bbox 1932 2193 2068 2246; x_wconf 67' lang='lat' dir='ltr'>forte</span> 
     </span>
     <span class='ocr_line' id='line_1_35' title="bbox 315 2255 2069 2319; baseline 0 -10"><span class='ocrx_word' id='word_1_292' title='bbox 315 2261 460 2310; x_wconf 85' lang='lat' dir='ltr'>filum</span> <span class='ocrx_word' id='word_1_293' title='bbox 487 2257 660 2309; x_wconf 84' lang='lat' dir='ltr'>nostro</span> <span class='ocrx_word' id='word_1_294' title='bbox 685 2259 927 2309; x_wconf 86' lang='lat' dir='ltr'>discursui.</span> <span class='ocrx_word' id='word_1_295' title='bbox 976 2255 1210 2307; x_wconf 67' lang='lat' dir='ltr'>Habuere</span> <span class='ocrx_word' id='word_1_296' title='bbox 1230 2258 1310 2306; x_wconf 88' lang='lat' dir='ltr'>sua</span> <span class='ocrx_word' id='word_1_297' title='bbox 1331 2256 1595 2319; x_wconf 89' lang='lat' dir='ltr'>quondam</span> <span class='ocrx_word' id='word_1_298' title='bbox 1607 2257 1830 2306; x_wconf 86' lang='lat' dir='ltr'>Comitia</span> <span class='ocrx_word' id='word_1_299' title='bbox 1843 2260 2069 2309; x_wconf 88' lang='lat' dir='ltr'>animan-</span> 
     </span>
     <span class='ocr_line' id='line_1_36' title="bbox 315 2319 2071 2386; baseline -0.001 -14"><span class='ocrx_word' id='word_1_300' title='bbox 315 2336 389 2372; x_wconf 89' lang='lat' dir='ltr'>tes</span> <span class='ocrx_word' id='word_1_301' title='bbox 414 2325 590 2373; x_wconf 83' lang='lat' dir='ltr'>Brutae,</span> <span class='ocrx_word' id='word_1_302' title='bbox 616 2338 837 2385; x_wconf 85' lang='lat' dir='ltr'>quorum</span> <span class='ocrx_word' id='word_1_303' title='bbox 863 2322 1102 2386; x_wconf 85' lang='lat' dir='ltr'>prospero</span> <span class='ocrx_word' id='word_1_304' title='bbox 1122 2319 1334 2370; x_wconf 69' lang='lat' dir='ltr'>successu</span> <span class='ocrx_word' id='word_1_305' title='bbox 1356 2320 1584 2367; x_wconf 67' lang='lat' dir='ltr'>animatae</span> <span class='ocrx_word' id='word_1_306' title='bbox 1609 2320 1870 2373; x_wconf 88' lang='lat' dir='ltr'>volucres,</span> <span class='ocrx_word' id='word_1_307' title='bbox 1889 2320 1997 2371; x_wconf 80' lang='lat' dir='ltr'>imo</span> <span class='ocrx_word' id='word_1_308' title='bbox 2017 2325 2071 2375; x_wconf 75' lang='grc' dir='ltr'>ὅ(</span> 
     </span>
     <span class='ocr_line' id='line_1_37' title="bbox 315 2383 2068 2451; baseline -0.001 -16"><span class='ocrx_word' id='word_1_309' title='bbox 315 2388 444 2435; x_wconf 87' lang='lat' dir='ltr'>muti</span> <span class='ocrx_word' id='word_1_310' title='bbox 469 2386 617 2451; x_wconf 84' lang='lat' dir='ltr'>pisces</span> <span class='ocrx_word' id='word_1_311' title='bbox 641 2389 771 2450; x_wconf 81' lang='lat' dir='ltr'>paria</span> <span class='ocrx_word' id='word_1_312' title='bbox 790 2388 841 2432; x_wconf 86' lang='lat' dir='ltr'>in</span> <span class='ocrx_word' id='word_1_313' title='bbox 864 2386 952 2434; x_wconf 88' lang='lat' dir='ltr'>suis</span> <span class='ocrx_word' id='word_1_314' title='bbox 977 2387 1161 2449; x_wconf 87' lang='lat' dir='ltr'>Regnis</span> <span class='ocrx_word' id='word_1_315' title='bbox 1182 2384 1472 2432; x_wconf 84' lang='lat' dir='ltr'>indixerant.</span> <span class='ocrx_word' id='word_1_316' title='bbox 1543 2383 1680 2432; x_wconf 89' lang='lat' dir='ltr'>Gens</span> <span class='ocrx_word' id='word_1_317' title='bbox 1698 2384 1946 2446; x_wconf 86' lang='lat' dir='ltr'>quaelibet,</span> <span class='ocrx_word' id='word_1_318' title='bbox 1970 2389 2068 2437; x_wconf 87' lang='lat' dir='ltr'>ritu</span> 
     </span>
     <span class='ocr_line' id='line_1_38' title="bbox 315 2445 2069 2513; baseline 0 -15"><span class='ocrx_word' id='word_1_319' title='bbox 315 2449 525 2513; x_wconf 80' lang='lat' dir='ltr'>quidem</span> <span class='ocrx_word' id='word_1_320' title='bbox 541 2482 553 2501; x_wconf 94' lang='lat'>,</span> <span class='ocrx_word' id='word_1_321' title='bbox 569 2451 618 2500; x_wconf 86' lang='lat'>&amp;</span> <span class='ocrx_word' id='word_1_322' title='bbox 638 2450 968 2497; x_wconf 88' lang='lat' dir='ltr'>ambientium</span> <span class='ocrx_word' id='word_1_323' title='bbox 990 2445 1153 2505; x_wconf 79' lang='lat' dir='ltr'>studiis</span> <span class='ocrx_word' id='word_1_324' title='bbox 1177 2447 1452 2499; x_wconf 78' lang='lat' dir='ltr'>divisa,uno</span> <span class='ocrx_word' id='word_1_325' title='bbox 1474 2460 1644 2495; x_wconf 88' lang='lat' dir='ltr'>tamen</span> <span class='ocrx_word' id='word_1_326' title='bbox 1666 2448 1856 2501; x_wconf 88' lang='lat' dir='ltr'>animo,</span> <span class='ocrx_word' id='word_1_327' title='bbox 1872 2450 2069 2498; x_wconf 90' lang='lat' dir='ltr'>Demo·</span> 
     </span>
     <span class='ocr_line' id='line_1_39' title="bbox 310 2508 2066 2586; baseline -0.002 -22"><span class='ocrx_word' id='word_1_328' title='bbox 310 2517 475 2564; x_wconf 76' lang='lat' dir='ltr'>tratiae</span> <span class='ocrx_word' id='word_1_329' title='bbox 487 2511 965 2581; x_wconf 77' lang='lat' dir='ltr'>pertaesa‚proprium</span> <span class='ocrx_word' id='word_1_330' title='bbox 977 2511 1064 2565; x_wconf 79' lang='lat' dir='ltr'>sibi</span> <span class='ocrx_word' id='word_1_331' title='bbox 1077 2508 1419 2564; x_wconf 80' lang='lat' dir='ltr'>Monarcham</span> <span class='ocrx_word' id='word_1_332' title='bbox 1433 2510 1646 2575; x_wconf 83' lang='lat' dir='ltr'>deligere</span> <span class='ocrx_word' id='word_1_333' title='bbox 1658 2510 1814 2562; x_wconf 88' lang='lat' dir='ltr'>fixum</span> <span class='ocrx_word' id='word_1_334' title='bbox 1832 2511 2066 2586; x_wconf 80' lang='lat' dir='ltr'>habebat,</span> 
     </span>
    </p>

    <p class='ocr_par' dir='ltr' id='par_1_5' title="bbox 1814 2587 2027 2626">
     <span class='ocr_line' id='line_1_40' title="bbox 1814 2587 2027 2626; baseline -0.028 0"><span class='ocrx_word' id='word_1_335' title='bbox 1814 2587 2001 2626; x_wconf 83' lang='lat' dir='ltr'>ratum·</span> <span class='ocrx_word' id='word_1_336' title='bbox 2025 2616 2027 2620; x_wconf 16' lang='grc' dir='ltr'><em>Α</em></span> 
     </span>
    </p>
   </div>
  </div>
 </body>
</html>
