2222 2905
702 93 901 143 Flamma
936 95 1201 144 Promethei.
1716 109 1768 157 51

59 193 134 246 mi
174 188 370 244 laxabat
407 191 572 243 sinum
595 224 609 247 ‚
645 189 934 242 formarum
964 190 1308 256 phantasmata
1339 188 1578 242 caussatus
1605 223 1620 247 ‚
1654 191 1842 255 quibus

62 259 374 308 memoriam
398 270 663 318 nunquam
691 272 801 305 non
827 255 1125 305 obturbaret
1144 267 1368 305 tentator
1388 252 1585 320 stygius
1637 255 1736 304 Sed
1758 270 1840 319 ag-

65 324 215 371 novit
242 322 491 370 eroticum
509 320 796 384 symptoma
809 317 1142 384 Philosophus
1159 321 1235 368 z&
1260 317 1440 367 falleris
1463 352 1476 373 ‚
1500 319 1690 381 inquit,
1716 317 1843 367 dum

68 388 120 435 in
138 386 211 443 jus
233 398 384 434 vocas
403 380 972 446 Caeodaenionem,hic
991 385 1353 430 innocentem:
1391 385 1503 430 Tua
1531 383 1618 430 tibi
1640 380 1841 430 affectio

69 449 276 497 daemon
296 442 365 495 est
384 482 396 497 ‚
433 461 591 509 quem
610 446 696 494 alis
716 448 768 494 in
789 445 945 495 eorde
969 463 978 493 :
1015 444 1121 494 haec
1148 444 1446 493 archimima
1465 478 1479 499 ‚
1513 446 1567 493 in
1588 444 1843 494 umbratili

66 511 330 561 memoriae
356 506 501 558 scena
524 542 538 564 ,
576 508 924 574 repraesentare
951 509 1020 557 nil
1040 508 1229 562 didicit,
1249 507 1335 556 nis1
1347 508 1594 572 Cyprum.
1662 509 1722 557 'In
1741 509 1843 556 ani-

65 567 161 624 n'io
187 573 323 623 olida
341 571 434 620 tibi
455 569 646 637 stagnat
664 572 914 638 mephytis
947 604 960 627 ‚
998 574 1048 622 ὅ(
1084 573 1275 620 miraris
1291 605 1304 625 ‚
1349 570 1493 634 quod
1511 572 1764 636 purulenti
1790 572 1843 620 in

65 637 333 688 cerebrum
361 634 456 684 sese
480 637 650 686 levent
676 651 889 700 vapores
914 636 931 683 ἒ
965 637 1015 681 de
1038 636 1161 682 corde
1185 647 1341 681 exeunt
1366 637 1671 694 cogitationes:
1718 634 1843 683 radi·
1874 629 1994 676 Mat.
2013 640 2033 674 1
2048 639 2096 686 50

67 717 184 751 cem
202 700 328 749 tolle
346 732 365 753 ‚
399 714 635 748 amorem
665 699 809 756 eijee;
848 697 942 747 esse
963 714 1074 747 non
1093 697 1243 747 debes
1266 713 1438 747 amans
1462 731 1475 752 ,
1512 697 1607 746 effe
1638 696 1692 746 ni
1725 698 1843 746 velis
1878 711 1925 740 v.
1948 705 2024 749 19·

69 780 260 814 amens·
338 764 551 812 Miratus
580 762 663 811 ille
682 761 812 811 hanc
832 761 919 810 sibi
950 777 1146 811 novam
1176 760 1580 826 philosophiam:
1615 777 1679 810 an
1713 762 1845 810 secu-

69 841 147 878 tus
171 827 254 884 sit,
275 829 326 878 ὃ(
350 839 611 881 executum
647 841 758 875 non
786 826 1017 891 comperi
1045 824 1299 874 hactenus.
1369 826 1535 874 MEL:
1569 820 1729 875 Reffe
1760 823 1844 874 hie

70 890 339 954 equidem3
376 905 486 938 non
509 888 852 940 emarcescunt
871 888 978 937 haec
999 889 1120 937 lolia
1135 921 1147 942 ‚
1171 886 1258 936 nisi
1277 885 1490 952 stirpitus
1511 887 1844 939 eradicentur.

67 955 268 1005 Scilicet
300 952 422 1002 ideae
447 986 460 1008 ,
496 968 618 1017 quas
656 953 805 1002 tradit
832 952 1030 1016 profani
1062 953 1250 1000 amoris
1279 950 1623 1017 philosophia,
1652 963 1845 1003 aeternae

71 1017 182 1068 funt
201 1020 252 1068 &
272 1016 639 1070 immutabilem
674 1025 796 1065 nam
821 1017 924 1064 illas
947 1017 998 1064 in
1009 1017 1164 1065 Lunae
1186 1031 1438 1066 concavo,
1461 1030 1725 1078 nunquam
1736 1031 1848 1064 non

71 1081 484 1145 contemplantur
519 1080 704 1137 Latnfij
739 1080 1102 1144 Endymiones.
1187 1080 1249 1128 Et
1281 1079 1425 1141 quod
1452 1080 1627 1143 pejus3
1669 1092 1849 1127 contra

70 1142 404 1208 Philosophiae
432 1140 614 1192 nostrae
639 1145 878 1208 principia
899 1154 1053 1206 agunt
1073 1141 1148 1191 hae
1170 1142 1350 1206 speeies
1372 1144 1422 1190 in
1440 1144 1619 1191 virtute
1635 1139 1850 1192 substan-

70 1209 149 1256 tiae
174 1239 187 1262 ‚
223 1222 319 1256 nec
348 1204 462 1255 raro
484 1208 701 1271 tragicos
720 1205 1014 1271 producunt
1035 1203 1240 1253 effectus
1268 1223 1289 1251 -·:
1327 1202 1455 1259 imo,
1472 1205 1615 1268 quod
1637 1205 1849 1270 parado-

71 1286 195 1319 xum
216 1288 228 1318 z
265 1285 353 1334 per
379 1270 483 1317 illas
506 1281 660 1333 agunt
679 1269 832 1318 eausae
849 1270 903 1317 in
923 1264 1103 1317 distans
1125 1285 1135 1315 :
1171 1269 1223 1316 in
1241 1267 1457 1318 absentia
1480 1269 1746 1319 vulnerant
1761 1302 1774 1324 ,
1796 1271 1850 1323 ὃς

72 1334 196 1398 saepe
217 1349 305 1398 per
321 1332 650 1397 sympatieam
670 1333 962 1397 antipatiam
985 1330 1208 1380 absentes
1222 1346 1433 1396 quoque
1447 1330 1705 1383 occidunt.
1749 1332 1850 1383 Sed

72 1395 275 1448 haecsub
289 1395 425 1448 rosa3
444 1394 711 1444 redeamus
733 1397 786 1443 in
807 1394 1045 1444 orbitam.

232 1459 430 1509 LEUC:
469 1458 526 1506 Id
550 1473 647 1521 ego
678 1458 882 1507 edoceri
905 1458 1005 1514 jam
1019 1473 1258 1523 euperem
1279 1493 1292 1514 ,
1330 1460 1464 1510 unde
1486 1473 1624 1511 tanta
1645 1476 1753 1510 non
1774 1476 1848 1510 ra-

65 1520 136 1575 ro
159 1523 419 1571 memoriae
443 1519 499 1569 fit
523 1519 800 1570 differentia
816 1522 834 1569 ’ἒ
862 1522 995 1573 sunt,
1014 1522 1197 1586 quibus
1218 1524 1508 1580 cerebrum,
1534 1538 1674 1590 putes
1690 1558 1703 1580 ‚
1726 1540 1849 1574 cum

73 1587 223 1641 Batto
249 1587 302 1633 in
322 1584 543 1650 lapidem
565 1583 879 1639 obduruisse,
899 1583 1030 1635 adeo
1053 1585 1233 1635 duram
1262 1587 1309 1636 se
1333 1588 1423 1636 illis
1451 1588 1650 1638 exhibet
1667 1604 1849 1638 nover-

73 1665 190 1698 cam
209 1660 398 1698 natura.
467 1649 548 1697 Sic
561 1648 689 1697 olim
700 1648 1168 1712 Herodem‚quem
1181 1663 1539 1715 cognomento
1558 1649 1848 1716 Sophistam
1882 1624 2060 1700 Aresfus

75 1709 480 1777 Historiographi
503 1713 792 1766 nominant,
806 1714 859 1760 in
881 1708 1139 1777 stuporem
1160 1715 1334 1776 utique
1350 1748 1362 1767 ,
1382 1717 1542 1780 rapuit
1562 1715 1689 1764 filius
1710 1713 1846 1766 adeo
1878 1689 1909 1737 l·
1927 1690 1999 1778 61¹
2004 1705 2068 1735 m*

75 1773 297 1841 stupidus
321 1809 335 1830 ,
373 1787 427 1823 ut
455 1776 631 1840 viginti
662 1788 882 1838 quatuor
920 1777 1083 1825 Graeci
1116 1777 1366 1840 alphabeti
1392 1778 1629 1828 litterulas
1652 1812 1664 1833 ‚
1700 1780 1848 1828 nullo
1873 1752 2105 1814 prefi178-

76 1839 254 1889 labore
277 1851 500 1903 caperet,
523 1838 674 1901 usque
698 1838 823 1887 dum
839 1872 851 1892 ‚
878 1836 1156 1888 constitutis
1179 1841 1385 1890 tandem
1411 1841 1694 1905 ephebulis,
1716 1858 1847 1905 quos

78 1903 300 1952 totidem
319 1901 622 1950 characteres
645 1899 978 1959 distinxerant,
993 1917 1079 1965 per
1101 1906 1401 1951 continuam
1418 1904 1689 1968 longiffimi
1721 1918 1849 1954 tem-

77 1968 213 2033 poris
234 1962 598 2014 assuetudinem
619 1995 637 2019 ‚
669 1976 856 2013 naturae
879 1963 1113 2012 duritiem
1147 1963 1420 2030 superasset.
1493 1968 1668 2031 Qid?
1703 1968 1849 2032 quod
1874 2022 1877 2025 Α

80 2033 131 2080 &
147 2031 394 2080 Nationes
408 2029 620 2094 integras
634 2061 647 2081 ,
670 2043 792 2092 quas
810 2030 938 2076 inter
959 2029 1111 2076 etiam
1132 2028 1346 2078 Thracia
1372 2063 1386 2084 ,
1423 2042 1528 2078 tam
1554 2031 1723 2080 hebeti
1741 2048 1849 2081 me-

82 2090 249 2142 moria
279 2090 545 2157 perhibent
567 2125 580 2146 ,
617 2104 673 2140 ut
710 2090 851 2140 eitius
891 2090 1111 2155 lapidem
1139 2105 1284 2142 cavet
1317 2105 1456 2158 gutta
1481 2127 1494 2148 ,
1532 2093 1687 2157 quam
1720 2096 1812 2144 illis
1833 2129 1846 2151 ‚

82 2153 394 2204 obstinatum
411 2157 465 2203 in
487 2155 570 2203 sua
590 2154 772 2203 duritia
795 2188 808 2208 ‚
845 2154 1110 2203 cerebrum
1129 2157 1434 2208 emolliatur,
1505 2157 1702 2207 Contra
1723 2160 1848 2208 alios

83 2218 337 2265 memoria
349 2217 463 2266 beat
483 2230 589 2266 tam
611 2218 752 2271 felix,
775 2230 830 2266 ut
858 2217 1139 2266 humanam
1165 2220 1549 2283 propemodum
1582 2220 1739 2270 fidem
1776 2238 1848 2271 res

86 2281 293 2344 superet.
362 2277 515 2329 Certe
536 2279 563 2329 a
586 2293 635 2328 te
655 2281 760 2346 ipso
789 2279 1161 2346 percepiss'eme
1184 2285 1420 2337 memini7
1447 2284 1693 2333 Senecam
1711 2301 1847 2334 nunc
1880 2292 2008 2352 Ipflel.
2030 2308 2069 2340 1.

84 2343 161 2393 bis
186 2355 392 2393 centum
416 2342 705 2392 hexametra
725 2376 738 2396 ‚
774 2359 911 2392 nune
935 2345 1040 2391 duo
1064 2346 1339 2401 nominum
1361 2347 1542 2401 millia,
1558 2348 1730 2397 auditu
1744 2351 1850 2398 uni-
1879 2357 2055 2404 declam.-

83 2423 154 2456 co
185 2417 416 2470 percepta
439 2439 452 2461 ‚
487 2422 598 2455 non
629 2405 794 2456 solum
827 2406 1134 2456 haefitatione
1165 2409 1300 2457 nulla
1323 2443 1338 2463 ,
1374 2409 1456 2459 sed
1488 2413 1640 2460 etiam
1670 2412 1849 2460 ordine

78 2470 410 2533 retrogrado,
445 2472 746 2519 memoriter
766 2469 1042 2519 reddidisse.
1112 2471 1425 2521 Midritatem
1449 2507 1461 2528 ‚
1499 2474 1690 2525 duabus
1711 2475 1851 2540 supra
1884 2482 2098 2540 Plin,·l.7.

89 2533 925 2601 vigintiNationibusimperantem
946 2566 960 2589 ,
996 2532 1299 2598 singularum
1317 2537 1492 2603 linguis
1524 2539 1589 2588 ira
1617 2539 1851 2590 locutum
1883 2562 1918 2593 c.
1939 2559 2014 2603 14.
2093 2576 2097 2579 -

988 2597 1034 2651 G
1070 2611 1099 2647 2
1624 2601 1790 2664 ferunt
