2222 2905
911 68 1194 122 Prooemium·

181 183 323 221 mare
346 168 607 234 ingenium
619 200 634 224 ,
654 179 711 220 ut
733 164 881 218 fimul
910 170 1143 220 animum
1163 167 1472 222 excolamus.
1537 167 1661 225 Haec
1679 167 1969 228 charasteri-

185 232 304 284 stica
322 232 615 298 Philosophi
641 229 799 282 nostri
821 235 1094 297 temporis,
1130 231 1195 283 fic
1222 234 1422 285 tranfire
1486 251 1538 286 er
1565 241 1880 304 temporalia,
1901 255 1973 291 nc

186 290 418 350 omittat,
434 296 517 346 vel
536 297 732 344 amittat
760 306 941 344 aeterna
965 312 976 342 :
1012 294 1077 345 sic
1097 295 1160 345 de
1184 300 1417 347 creaturis
1484 300 1741 358 'scurrere,
1761 316 1817 352 ut
1844 305 1971 353 iten-

127 368 134 373 ’
186 360 346 409 tidem
369 358 598 408 ascendat
619 359 681 407 ad
691 359 995 407 Creatorem
1011 375 1039 406 ε·
1058 358 1138 408 hic
1164 356 1270 409 esto
1288 359 1398 410 finis
1420 361 1577 413 nostri
1598 365 1801 414 laboris.
1851 369 1967 417 Nec

187 423 239 472 id
260 423 479 471 alienum
503 424 611 484 quis
634 420 661 470 a
678 419 990 485 Philosopho
1009 434 1167 486 putet,
1200 438 1295 472 nec
1325 440 1525 475 novum
1542 460 1555 482 ,
1581 444 1674 477 nec
1706 429 1969 479 inconsue-

188 490 301 534 tum
342 502 352 532 ε
390 500 506 532 mos
543 484 624 533 hic
656 484 942 533 multorum
975 516 988 538 ,
1025 483 1088 532 ad
1122 500 1330 535 morem
1371 490 1629 553 Sapientiae
1673 493 1962 542 incarnatae.

189 548 440 610 Numquid
467 551 603 596 enim
629 546 734 595 haec
759 579 773 601 ,
809 547 870 595 ab
894 546 1028 595 unda
1057 551 1194 611 putei
1223 546 1488 662 stagtnantis
1517 555 1580 603 ad
1613 570 1764 618 aquas
1795 559 1962 620 gratiae

185 611 440 660 salientes?
476 610 503 659 ἓι
525 612 624 659 vite
652 605 865 659 terrestri
894 609 958 657 ad
979 613 1136 665 vitam
1159 614 1309 661 coelel
1337 630 1420 662 em
1442 618 1458 663 ἒ
1493 615 1520 665 a
1542 618 1763 667 semente
1784 619 1846 668 ad
1858 635 1965 669 ver-

186 675 312 723 bum
340 676 455 726 DEI
479 676 494 723 ?
530 673 559 722 a
578 674 684 730 lilijs
707 674 808 737 agri
830 671 893 720 ad
914 673 1323 725 Providentiam?
1348 677 1375 726 a
1397 677 1611 730 ficulnea
1633 682 1694 730 ad
1716 682 1963 750 Divinam

187 734 437 797 Justitiam
459 771 473 791 ,
510 736 777 785 discursum
803 751 912 783 non
940 748 1047 783 tam
1077 736 1283 787 detor-fit
1305 774 1319 795 ,
1357 741 1512 804 quam
1540 742 1861 794 amaenissime
1892 746 1961 794 di·

189 801 375 851 vertit?
410 800 619 850 Verbo:
650 799 757 848 haec
780 798 938 848 Verbi
960 799 1135 848 Divini
1160 816 1401 867 perpetua
1435 806 1710 857 methodus
1745 808 1965 873 philoso-
2007 842 2016 849 -

189 863 377 928 phandi
397 896 410 918 ,
447 878 602 926 quam
635 864 818 911 imitari
837 860 871 910 fi
892 860 1058 910 minus
1077 864 1363 927 poss'umus,
1399 870 1581 919 imitari
1602 871 1741 935 poss'e
1759 872 1837 920 vel
1861 888 1966 921 ma-

188 923 322 975 xime
342 928 587 991 cupimus.
657 926 831 974 ideam
854 922 1011 988 porro
1025 927 1269 994 proppofiti
1293 930 1477 980 laboris
1489 932 1553 982 fic
1567 937 1736 1000 accipe
1751 952 1761 982 ε
1777 934 1966 985 Amoe-

189 992 357 1039 niores
388 991 618 1038 materias
641 1022 653 1042 ,
691 1004 810 1050 quas
843 987 1040 1051 sparfi‘m
1074 989 1224 1039 fusius
1257 993 1332 1050 alij
1358 1027 1371 1048 ,
1407 994 1472 1043 fic
1499 998 1737 1062 colligere
1767 999 1965 1050 animus

190 1066 295 1100 erat
320 1088 333 1103 ‚
372 1066 425 1101 ut
457 1065 571 1116 tyro
589 1052 798 1100 suaviter
818 1052 1021 1100 disceret
1040 1084 1053 1105 ,
1069 1064 1330 1104 veteranus
1355 1059 1536 1107 utiliter
1565 1060 1965 1124 doceretzquod

189 1114 224 1163 fi
247 1116 431 1178 relegas
458 1115 653 1164 dudum
690 1114 816 1162 lecta
839 1148 851 1168 ,
887 1115 1177 1163 memineris
1215 1115 1239 1172 <
1255 1119 1391 1176 cujus
1426 1138 1691 1186 nunquam
1724 1139 1964 1187 cuperem

187 1190 237 1226 te
270 1178 531 1234 oblivisci)
567 1178 671 1225 haec
692 1193 802 1224 non
824 1176 962 1224 scribi
982 1175 1293 1242 Philosopho
1315 1180 1585 1242 instructo,
1620 1187 1701 1237 sed
1724 1189 1966 1240 instruen-

188 1241 259 1288 do
281 1273 294 1294 ,
331 1243 416 1302 qui
439 1242 648 1305 reperiet
667 1238 833 1287 forsan
853 1273 865 1293 ,
902 1252 1038 1300 quae,
1063 1239 1239 1289 labore
1265 1246 1412 1294 nimis
1440 1251 1786 1302 incommodo
1803 1287 1816 1309 ,
1847 1255 1962 1305 alibi

190 1305 271 1351 vix
290 1305 560 1368 indagaret.
643 1304 763 1350 Haec
799 1300 956 1372 porro
990 1301 1302 1371 problemata
1336 1308 1534 1374 phyfica
1564 1313 1628 1362 fic
1659 1316 1867 1369 tradtare
1889 1319 1963 1367 in-

189 1366 458 1420 tendimus,
479 1378 533 1414 ut
555 1365 640 1413 ubi
659 1363 802 1412 filum
825 1365 1057 1414 discursus
1077 1372 1374 1430 porrexerit,
1394 1377 1640 1431 veritates,
1657 1377 1712 1427 ut
1731 1379 1962 1437 diximus,

190 1428 373 1477 ethicas
400 1428 595 1493 sparsim
623 1428 1016 1477 immisceamus:
1067 1432 1391 1484 occasionem
1424 1437 1615 1488 dabunt
1652 1442 1731 1491 vel
1768 1444 1964 1507 praefixa

192 1491 522 1546 emblemata,
543 1490 624 1541 vel
647 1491 949 1540 Samiorum
973 1495 1226 1558 exempla,
1263 1512 1392 1560 quos
1420 1502 1472 1550 in
1503 1502 1836 1569 Philosophiae
1867 1524 1962 1557 no-

191 1549 295 1602 strae
319 1556 566 1606 Patronos
588 1555 768 1631 eligere
789 1556 997 1618 placuit,
1022 1570 1078 1605 ut
1098 1558 1134 1607 s1
1154 1574 1263 1608 non
1285 1561 1439 1619 sacra,
1457 1564 1630 1616 saltem
1652 1568 1819 1619 minus
1848 1571 1965 1620 esset

186 1616 416 1681 profana.
486 1619 742 1668 Caeterum
765 1618 801 1667 fi
819 1620 870 1667 in
894 1618 1100 1670 decursu
1128 1622 1378 1674 defuerint
1405 1629 1564 1678 multa
1582 1664 1594 1685 ,
1619 1634 1810 1697 cogita,
1836 1632 1963 1684 mihi

187 1679 309 1743 saepe
334 1692 556 1746 tempus,
577 1697 661 1730 me
683 1681 849 1747 saepius
873 1686 1094 1747 tempori
1117 1686 1336 1736 defuiffe.
1405 1692 1467 1740 Et
1488 1696 1604 1756 quia
1633 1708 1870 1760 tyronem
1899 1697 1964 1747 ad

189 1742 456 1793 discursum
478 1741 760 1794 instruimus
774 1779 786 1799 ,
807 1762 894 1810 per
916 1746 1183 1798 discursum
1204 1755 1533 1805 commodius
1553 1756 1709 1808 finem
1730 1758 1868 1809 hunc
1895 1761 1961 1810 as-

188 1805 476 1869 sequemur:
514 1807 549 1855 fi
572 1809 759 1857 modus
784 1808 864 1857 hic
888 1810 1121 1874 displicet,
1135 1815 1266 1868 audi,
1287 1817 1407 1878 quid
1425 1835 1637 1883 reponat
1655 1819 1811 1871 nostri
1832 1836 1956 1873 tem-
1989 1830 2101 1881 The-

186 1872 323 1932 poris
343 1886 454 1918 non
477 1886 660 1919 nemo:
707 1888 795 1917 mos
817 1871 914 1925 iste,
951 1878 1136 1935 inquit,
1156 1888 1237 1936 per
1255 1880 1441 1938 dialogos
1466 1884 1762 1945 disputationes
1783 1888 1952 1946 conseri·
1974 1896 2040 1954 fies
2073 1897 2143 1944 hic

187 1933 314 1988 bere,
342 1947 588 1992 magnorum
618 1938 814 1990 virorum
843 1938 1030 1996 exemplo
1059 1950 1235 2000 coeptm,
1276 1944 1507 1990 multorum
1528 1948 1691 2005 jndicio
1715 1949 1948 2009 probatm,
1981 1961 2102 2006 edim

178 2005 413 2056 paucorum
434 1999 733 2044 criminatione
751 2015 830 2044 non
845 2000 1095 2049 vitiabitur.
1196 2002 1327 2052 Mihi
1348 2005 1553 2057 sufficiat
1586 2010 1758 2061 denuo
1788 2029 1951 2063 exem·
1989 2034 2100 2080 1721
2113 2057 2124 2071 .

185 2059 329 2123 plum
342 2060 598 2124 Sapientiae
620 2062 907 2115 Incarnatae,
932 2077 1086 2126 quam
1111 2064 1458 2125 duodennem,
1482 2075 1531 2119 in
1556 2075 1728 2124 medio
1753 2076 1951 2127 Dosto-

186 2137 327 2176 rum,
351 2122 682 2186 disputantem
703 2124 928 2174 describit
948 2128 995 2176 S.
1011 2127 1344 2193 Evangelista,
1360 2136 1408 2183 ὅ(
1429 2132 1482 2183 ni
1506 2135 1682 2192 fallor,
1706 2138 1950 2204 disputan-

187 2194 295 2232 tem
330 2184 559 2234 familiari
599 2186 833 2252 dialog0‚
862 2192 978 2251 quia
1006 2193 1246 2238 audientem
1274 2197 1387 2247 illos,
1424 2200 1479 2245 c&
1504 2203 1837 2260 interrogantem
1862 2222 1945 2253 eos.
1984 2214 2141 2262 Luc,2,

185 2245 319 2295 Hinc
342 2248 597 2298 calamum
619 2265 729 2298 non
756 2263 862 2300 tam
892 2252 1080 2303 devovi
1104 2253 1405 2319 syllogisticae
1435 2260 1641 2317 formae,
1673 2266 1816 2326 quod
1848 2280 1950 2317 erat

188 2308 399 2364 facilins,
424 2310 578 2375 quam
600 2315 769 2362 amico
794 2330 914 2364 cum
937 2329 1118 2381 tyrone
1151 2321 1418 2383 colloquio
1440 2358 1454 2375 ‚
1488 2326 1632 2388 quod
1662 2340 1764 2376 erat
1792 2329 1950 2396 scopo

185 2373 588 2423 convenientius:
620 2375 991 2441 Philosophum
1011 2382 1255 2438 imitatuS,
1276 2387 1361 2446 qui
1387 2388 1536 2436 ctiam
1558 2391 1610 2438 in
1634 2393 1808 2439 mortis
1827 2409 1950 2442 con-

185 2431 336 2491 finijs,
360 2438 482 2485 vino
505 2438 718 2489 Rhodio
741 2441 982 2492 Lesbium
1015 2445 1248 2508 praetulit,
1308 2450 1387 2497 uia
1413 2450 1643 2516 sapidius:
1706 2455 1849 2504 Volo
1881 2457 1950 2505 di·-

184 2511 314 2558 cere,
336 2500 422 2562 qui
440 2501 758 2558 Menedemo
780 2507 992 2572 praetulit
1002 2506 1297 2577 Theophral
1324 2527 1411 2567 um
1431 2515 1485 2569 in
1502 2516 1735 2633 Peripatcs)
1755 2519 1950 2571 Succes-

706 2611 708 2613 -
1723 2596 1886 2640 orem,
