<?xml version="1.0" encoding="UTF-8"?>
<!DOCTYPE html PUBLIC "-//W3C//DTD XHTML 1.0 Transitional//EN"
    "http://www.w3.org/TR/xhtml1/DTD/xhtml1-transitional.dtd">
<html xmlns="http://www.w3.org/1999/xhtml" xml:lang="en" lang="en">
 <head>
  <title>
</title>
<meta http-equiv="Content-Type" content="text/html;charset=utf-8" />
  <meta name='ocr-system' content='tesseract 3.04.00' />
  <meta name='ocr-capabilities' content='ocr_page ocr_carea ocr_par ocr_line ocrx_word'/>
</head>
<body>
  <div class='ocr_page' id='page_1' title='image "./peripateticusnos00sch_0293.png"; bbox 0 0 2205 2905; ppageno 0'>
   <div class='ocr_carea' id='block_1_1' title="bbox 704 85 1789 155">
    <p class='ocr_par' dir='ltr' id='par_1_1' title="bbox 704 85 1789 155">
     <span class='ocr_line' id='line_1_1' title="bbox 704 85 1789 155; baseline 0.004 -15"><span class='ocrx_word' id='word_1_1' title='bbox 704 85 849 141; x_wconf 63' lang='lat' dir='ltr'>Atlas</span> <span class='ocrx_word' id='word_1_2' title='bbox 875 88 1223 155; x_wconf 71' lang='lat' dir='ltr'>Philosbphicuss.</span> <span class='ocrx_word' id='word_1_3' title='bbox 1734 110 1756 144; x_wconf 87' lang='lat'>1</span> <span class='ocrx_word' id='word_1_4' title='bbox 1767 108 1789 144; x_wconf 85' lang='lat'>1</span> 
     </span>
    </p>
   </div>
   <div class='ocr_carea' id='block_1_2' title="bbox 79 179 2092 2654">
    <p class='ocr_par' dir='ltr' id='par_1_2' title="bbox 79 179 2092 2654">
     <span class='ocr_line' id='line_1_2' title="bbox 89 179 1857 251; baseline 0.005 -19"><span class='ocrx_word' id='word_1_5' title='bbox 89 189 177 239; x_wconf 86' lang='lat' dir='ltr'>to,</span> <span class='ocrx_word' id='word_1_6' title='bbox 204 179 369 248; x_wconf 78' lang='lat' dir='ltr'>quod,</span> <span class='ocrx_word' id='word_1_7' title='bbox 382 182 511 233; x_wconf 87' lang='lat' dir='ltr'>intra</span> <span class='ocrx_word' id='word_1_8' title='bbox 529 181 705 248; x_wconf 88' lang='lat' dir='ltr'>viginti</span> <span class='ocrx_word' id='word_1_9' title='bbox 726 183 850 235; x_wconf 67' lang='lat' dir='ltr'>octo</span> <span class='ocrx_word' id='word_1_10' title='bbox 875 184 956 234; x_wconf 89' lang='lat' dir='ltr'>vel</span> <span class='ocrx_word' id='word_1_11' title='bbox 975 201 1174 237; x_wconf 90' lang='lat' dir='ltr'>novem</span> <span class='ocrx_word' id='word_1_12' title='bbox 1184 185 1305 240; x_wconf 89' lang='lat' dir='ltr'>dies,</span> <span class='ocrx_word' id='word_1_13' title='bbox 1324 187 1652 251; x_wconf 86' lang='lat' dir='ltr'>antiquamin</span> <span class='ocrx_word' id='word_1_14' title='bbox 1669 187 1752 239; x_wconf 86' lang='lat' dir='ltr'>sua</span> <span class='ocrx_word' id='word_1_15' title='bbox 1778 204 1857 240; x_wconf 87' lang='lat' dir='ltr'>or-</span> 
     </span>
     <span class='ocr_line' id='line_1_3' title="bbox 89 243 1859 313; baseline 0.004 -17"><span class='ocrx_word' id='word_1_16' title='bbox 89 246 197 297; x_wconf 89' lang='lat' dir='ltr'>bita</span> <span class='ocrx_word' id='word_1_17' title='bbox 217 259 409 313; x_wconf 84' lang='lat' dir='ltr'>repetat</span> <span class='ocrx_word' id='word_1_18' title='bbox 427 243 714 296; x_wconf 89' lang='lat' dir='ltr'>stationem.</span> <span class='ocrx_word' id='word_1_19' title='bbox 750 247 977 300; x_wconf 84' lang='lat' dir='ltr'>Phoebus</span> <span class='ocrx_word' id='word_1_20' title='bbox 996 251 1108 300; x_wconf 86' lang='lat' dir='ltr'>Rex</span> <span class='ocrx_word' id='word_1_21' title='bbox 1130 252 1257 300; x_wconf 89' lang='lat' dir='ltr'>inter</span> <span class='ocrx_word' id='word_1_22' title='bbox 1282 250 1508 302; x_wconf 88' lang='lat' dir='ltr'>Planetas</span> <span class='ocrx_word' id='word_1_23' title='bbox 1534 286 1548 307; x_wconf 91' lang='lat'>,</span> <span class='ocrx_word' id='word_1_24' title='bbox 1573 255 1692 302; x_wconf 88' lang='lat' dir='ltr'>anni</span> <span class='ocrx_word' id='word_1_25' title='bbox 1714 256 1859 303; x_wconf 85' lang='lat' dir='ltr'>unius</span> 
     </span>
     <span class='ocr_line' id='line_1_4' title="bbox 79 308 1856 382; baseline 0.005 -23"><span class='ocrx_word' id='word_1_26' title='bbox 79 310 248 376; x_wconf 80' lang='lat' dir='ltr'>&#39;spatio</span> <span class='ocrx_word' id='word_1_27' title='bbox 273 345 288 367; x_wconf 88' lang='lat'>‚</span> <span class='ocrx_word' id='word_1_28' title='bbox 325 308 540 359; x_wconf 87' lang='lat' dir='ltr'>stadium</span> <span class='ocrx_word' id='word_1_29' title='bbox 568 311 715 360; x_wconf 89' lang='lat' dir='ltr'>suum</span> <span class='ocrx_word' id='word_1_30' title='bbox 749 311 969 362; x_wconf 82' lang='lat' dir='ltr'>decurrit</span> <span class='ocrx_word' id='word_1_31' title='bbox 998 331 1009 361; x_wconf 90' lang='lat'>:</span> <span class='ocrx_word' id='word_1_32' title='bbox 1061 315 1115 363; x_wconf 89' lang='lat' dir='ltr'>in</span> <span class='ocrx_word' id='word_1_33' title='bbox 1146 314 1389 379; x_wconf 80' lang='lat' dir='ltr'><strong>eclyptica</strong></span> <span class='ocrx_word' id='word_1_34' title='bbox 1411 330 1550 365; x_wconf 90' lang='lat' dir='ltr'>nunc</span> <span class='ocrx_word' id='word_1_35' title='bbox 1589 332 1823 382; x_wconf 84' lang='lat' dir='ltr'>apogaeus</span> <span class='ocrx_word' id='word_1_36' title='bbox 1841 351 1856 371; x_wconf 84' lang='lat'>,</span> 
     </span>
     <span class='ocr_line' id='line_1_5' title="bbox 88 373 1856 444; baseline 0.003 -20"><span class='ocrx_word' id='word_1_37' title='bbox 88 389 226 425; x_wconf 89' lang='lat' dir='ltr'>nunc</span> <span class='ocrx_word' id='word_1_38' title='bbox 247 376 484 440; x_wconf 88' lang='lat' dir='ltr'>perigaeus</span> <span class='ocrx_word' id='word_1_39' title='bbox 503 373 611 423; x_wconf 81' lang='lat' dir='ltr'>duo</span> <span class='ocrx_word' id='word_1_40' title='bbox 624 375 826 441; x_wconf 7' lang='lat' dir='ltr'>*format</span> <span class='ocrx_word' id='word_1_41' title='bbox 849 374 1080 431; x_wconf 83' lang='lat' dir='ltr'>solstitia,</span> <span class='ocrx_word' id='word_1_42' title='bbox 1100 379 1350 433; x_wconf 85' lang='lat' dir='ltr'>&amp;centies</span> <span class='ocrx_word' id='word_1_43' title='bbox 1376 380 1667 444; x_wconf 78' lang='lat' dir='ltr'>quadragies</span> <span class='ocrx_word' id='word_1_44' title='bbox 1687 383 1856 431; x_wconf 88' lang='lat' dir='ltr'>Tellu-</span> 
     </span>
     <span class='ocr_line' id='line_1_6' title="bbox 87 435 1856 503; baseline 0.003 -17"><span class='ocrx_word' id='word_1_45' title='bbox 87 453 143 486; x_wconf 86' lang='lat' dir='ltr'>re</span> <span class='ocrx_word' id='word_1_46' title='bbox 163 441 326 497; x_wconf 81' lang='lat' dir='ltr'>major</span> <span class='ocrx_word' id='word_1_47' title='bbox 343 435 438 486; x_wconf 84' lang='lat' dir='ltr'>effe</span> <span class='ocrx_word' id='word_1_48' title='bbox 461 437 784 503; x_wconf 82' lang='lat' dir='ltr'>perhibetur:</span> <span class='ocrx_word' id='word_1_49' title='bbox 831 440 969 490; x_wconf 92' lang='lat' dir='ltr'>unde</span> <span class='ocrx_word' id='word_1_50' title='bbox 990 439 1025 489; x_wconf 83' lang='lat' dir='ltr'>fi</span> <span class='ocrx_word' id='word_1_51' title='bbox 1043 442 1237 492; x_wconf 77' lang='lat' dir='ltr'>volucres</span> <span class='ocrx_word' id='word_1_52' title='bbox 1260 447 1437 502; x_wconf 67' lang='lat' dir='ltr'>Pyrois,</span> <span class='ocrx_word' id='word_1_53' title='bbox 1468 445 1596 494; x_wconf 71' lang='lat' dir='ltr'>Eous,</span> <span class='ocrx_word' id='word_1_54' title='bbox 1622 446 1678 491; x_wconf 54' lang='grc' dir='ltr'><em>Θ</em></span> <span class='ocrx_word' id='word_1_55' title='bbox 1691 445 1856 491; x_wconf 81' lang='lat' dir='ltr'>AEthon</span> 
     </span>
     <span class='ocr_line' id='line_1_7' title="bbox 86 500 1854 572; baseline 0.003 -21"><span class='ocrx_word' id='word_1_56' title='bbox 86 500 323 552; x_wconf 90' lang='lat' dir='ltr'>Phoebeae</span> <span class='ocrx_word' id='word_1_57' title='bbox 345 500 677 567; x_wconf 83' lang='lat' dir='ltr'>peripheriam</span> <span class='ocrx_word' id='word_1_58' title='bbox 703 503 880 553; x_wconf 88' lang='lat' dir='ltr'>orbitae</span> <span class='ocrx_word' id='word_1_59' title='bbox 916 504 1360 555; x_wconf 78' lang='lat' dir='ltr'>circumcursarent</span> <span class='ocrx_word' id='word_1_60' title='bbox 1379 539 1394 560; x_wconf 90' lang='lat'>,</span> <span class='ocrx_word' id='word_1_61' title='bbox 1421 521 1584 555; x_wconf 75' lang='lat' dir='ltr'>imum</span> <span class='ocrx_word' id='word_1_62' title='bbox 1608 507 1749 572; x_wconf 77' lang='lat' dir='ltr'>supra</span> <span class='ocrx_word' id='word_1_63' title='bbox 1773 510 1854 556; x_wconf 87' lang='lat' dir='ltr'>tri-</span> 
     </span>
     <span class='ocr_line' id='line_1_8' title="bbox 86 566 1856 636; baseline 0.005 -24"><span class='ocrx_word' id='word_1_64' title='bbox 86 566 225 627; x_wconf 84' lang='lat' dir='ltr'>ginta</span> <span class='ocrx_word' id='word_1_65' title='bbox 241 566 398 615; x_wconf 78' lang='lat' dir='ltr'>millia</span> <span class='ocrx_word' id='word_1_66' title='bbox 418 597 433 620; x_wconf 87' lang='lat'>,</span> <span class='ocrx_word' id='word_1_67' title='bbox 485 569 537 616; x_wconf 84' lang='lat'>&amp;</span> <span class='ocrx_word' id='word_1_68' title='bbox 555 566 922 632; x_wconf 78' lang='lat' dir='ltr'>quadringenta</span> <span class='ocrx_word' id='word_1_69' title='bbox 942 567 1249 634; x_wconf 81' lang='lat' dir='ltr'>septuaginta</span> <span class='ocrx_word' id='word_1_70' title='bbox 1277 569 1385 618; x_wconf 92' lang='lat' dir='ltr'>duo</span> <span class='ocrx_word' id='word_1_71' title='bbox 1411 570 1637 619; x_wconf 86' lang='lat' dir='ltr'>milliaria</span> <span class='ocrx_word' id='word_1_72' title='bbox 1662 587 1856 636; x_wconf 88' lang='lat' dir='ltr'>germa-</span> 
     </span>
     <span class='ocr_line' id='line_1_9' title="bbox 85 629 1858 701; baseline 0.004 -24"><span class='ocrx_word' id='word_1_73' title='bbox 85 629 199 678; x_wconf 89' lang='lat' dir='ltr'>nica</span> <span class='ocrx_word' id='word_1_74' title='bbox 219 631 561 680; x_wconf 81' lang='lat' dir='ltr'>emetirentur.</span> <span class='ocrx_word' id='word_1_75' title='bbox 678 631 817 682; x_wconf 88' lang='lat' dir='ltr'>Mars</span> <span class='ocrx_word' id='word_1_76' title='bbox 841 629 934 680; x_wconf 91' lang='lat' dir='ltr'>suo</span> <span class='ocrx_word' id='word_1_77' title='bbox 960 633 1153 681; x_wconf 90' lang='lat' dir='ltr'>circulo</span> <span class='ocrx_word' id='word_1_78' title='bbox 1171 645 1356 682; x_wconf 89' lang='lat' dir='ltr'>terram</span> <span class='ocrx_word' id='word_1_79' title='bbox 1382 633 1538 699; x_wconf 85' lang='lat' dir='ltr'>ipsam</span> <span class='ocrx_word' id='word_1_80' title='bbox 1566 634 1858 701; x_wconf 61' lang='lat' dir='ltr'>complesti-</span> 
     </span>
     <span class='ocr_line' id='line_1_10' title="bbox 85 692 1857 761; baseline 0.005 -22"><span class='ocrx_word' id='word_1_81' title='bbox 85 703 166 741; x_wconf 89' lang='lat' dir='ltr'>tur</span> <span class='ocrx_word' id='word_1_82' title='bbox 180 725 193 747; x_wconf 86' lang='lat'>‚</span> <span class='ocrx_word' id='word_1_83' title='bbox 211 692 398 749; x_wconf 82' lang='lat' dir='ltr'>biennii</span> <span class='ocrx_word' id='word_1_84' title='bbox 417 692 574 758; x_wconf 87' lang='lat' dir='ltr'>spatio</span> <span class='ocrx_word' id='word_1_85' title='bbox 595 694 826 749; x_wconf 83' lang='lat' dir='ltr'>volvens,</span> <span class='ocrx_word' id='word_1_86' title='bbox 848 697 898 745; x_wconf 68' lang='grc' dir='ltr'>ὃ(</span> <span class='ocrx_word' id='word_1_87' title='bbox 918 695 1160 745; x_wconf 87' lang='lat' dir='ltr'>evolvens</span> <span class='ocrx_word' id='word_1_88' title='bbox 1175 697 1460 761; x_wconf 89' lang='lat' dir='ltr'>ellypticam</span> <span class='ocrx_word' id='word_1_89' title='bbox 1471 697 1721 749; x_wconf 89' lang='lat' dir='ltr'>orbitam:</span> <span class='ocrx_word' id='word_1_90' title='bbox 1740 699 1857 748; x_wconf 81' lang='lat' dir='ltr'>Tel-</span> 
     </span>
     <span class='ocr_line' id='line_1_11' title="bbox 85 755 1854 827; baseline 0.005 -23"><span class='ocrx_word' id='word_1_91' title='bbox 85 755 194 805; x_wconf 90' lang='lat' dir='ltr'>lure</span> <span class='ocrx_word' id='word_1_92' title='bbox 223 758 481 807; x_wconf 81' lang='lat' dir='ltr'>minorem</span> <span class='ocrx_word' id='word_1_93' title='bbox 508 769 687 822; x_wconf 85' lang='lat' dir='ltr'>putant</span> <span class='ocrx_word' id='word_1_94' title='bbox 708 791 726 813; x_wconf 84' lang='lat'>‚</span> <span class='ocrx_word' id='word_1_95' title='bbox 759 769 873 807; x_wconf 87' lang='lat' dir='ltr'>utut</span> <span class='ocrx_word' id='word_1_96' title='bbox 904 757 1046 808; x_wconf 83' lang='lat' dir='ltr'>illam</span> <span class='ocrx_word' id='word_1_97' title='bbox 1073 759 1361 815; x_wconf 84' lang='lat' dir='ltr'>altitudine,</span> <span class='ocrx_word' id='word_1_98' title='bbox 1391 760 1501 826; x_wconf 79' lang='lat' dir='ltr'>plus</span> <span class='ocrx_word' id='word_1_99' title='bbox 1523 760 1681 824; x_wconf 75' lang='lat' dir='ltr'>quam</span> <span class='ocrx_word' id='word_1_100' title='bbox 1709 766 1854 827; x_wconf 89' lang='lat' dir='ltr'>trige-</span> 
     </span>
     <span class='ocr_line' id='line_1_12' title="bbox 87 818 1856 887; baseline 0.005 -20"><span class='ocrx_word' id='word_1_101' title='bbox 87 818 176 868; x_wconf 88' lang='lat' dir='ltr'>fies</span> <span class='ocrx_word' id='word_1_102' title='bbox 197 821 419 871; x_wconf 84' lang='lat' dir='ltr'>centenis</span> <span class='ocrx_word' id='word_1_103' title='bbox 440 851 455 875; x_wconf 87' lang='lat'>,</span> <span class='ocrx_word' id='word_1_104' title='bbox 505 821 881 887; x_wconf 83' lang='lat' dir='ltr'>quadringentis</span> <span class='ocrx_word' id='word_1_105' title='bbox 901 821 1149 886; x_wconf 81' lang='lat' dir='ltr'>sexaginta</span> <span class='ocrx_word' id='word_1_106' title='bbox 1169 838 1366 872; x_wconf 90' lang='lat' dir='ltr'>novem</span> <span class='ocrx_word' id='word_1_107' title='bbox 1387 825 1675 874; x_wconf 89' lang='lat' dir='ltr'>milliarium</span> <span class='ocrx_word' id='word_1_108' title='bbox 1708 827 1856 875; x_wconf 85' lang='lat' dir='ltr'>milli-</span> 
     </span>
     <span class='ocr_line' id='line_1_13' title="bbox 84 879 1857 954; baseline 0.005 -23"><span class='ocrx_word' id='word_1_109' title='bbox 84 879 206 939; x_wconf 87' lang='lat' dir='ltr'>bus,</span> <span class='ocrx_word' id='word_1_110' title='bbox 233 881 564 933; x_wconf 82' lang='lat' dir='ltr'>transcendat.</span> <span class='ocrx_word' id='word_1_111' title='bbox 662 885 858 951; x_wconf 85' lang='lat' dir='ltr'>Jupiter</span> <span class='ocrx_word' id='word_1_112' title='bbox 877 885 1033 951; x_wconf 85' lang='lat' dir='ltr'>ipsam</span> <span class='ocrx_word' id='word_1_113' title='bbox 1051 886 1179 936; x_wconf 88' lang='lat' dir='ltr'>Solis</span> <span class='ocrx_word' id='word_1_114' title='bbox 1191 888 1502 952; x_wconf 87' lang='lat' dir='ltr'>Eclypticam</span> <span class='ocrx_word' id='word_1_115' title='bbox 1520 888 1857 954; x_wconf 84' lang='lat' dir='ltr'>comprehen-</span> 
     </span>
     <span class='ocr_line' id='line_1_14' title="bbox 90 946 1855 1018; baseline 0.005 -24"><span class='ocrx_word' id='word_1_116' title='bbox 90 946 186 1000; x_wconf 86' lang='lat' dir='ltr'>dit,</span> <span class='ocrx_word' id='word_1_117' title='bbox 217 946 530 997; x_wconf 84' lang='lat' dir='ltr'>duodennali</span> <span class='ocrx_word' id='word_1_118' title='bbox 562 948 952 1013; x_wconf 84' lang='lat' dir='ltr'>propemodum</span> <span class='ocrx_word' id='word_1_119' title='bbox 974 950 1118 999; x_wconf 89' lang='lat' dir='ltr'>cursu</span> <span class='ocrx_word' id='word_1_120' title='bbox 1137 950 1282 1000; x_wconf 88' lang='lat' dir='ltr'>suum</span> <span class='ocrx_word' id='word_1_121' title='bbox 1303 953 1351 1002; x_wconf 92' lang='lat' dir='ltr'>se</span> <span class='ocrx_word' id='word_1_122' title='bbox 1371 953 1417 1001; x_wconf 90' lang='lat' dir='ltr'>se</span> <span class='ocrx_word' id='word_1_123' title='bbox 1434 968 1613 1018; x_wconf 85' lang='lat' dir='ltr'>gyrans</span> <span class='ocrx_word' id='word_1_124' title='bbox 1635 955 1688 1002; x_wconf 91' lang='lat' dir='ltr'>in</span> <span class='ocrx_word' id='word_1_125' title='bbox 1699 955 1855 1003; x_wconf 87' lang='lat' dir='ltr'>circu-</span> 
     </span>
     <span class='ocr_line' id='line_1_15' title="bbox 87 1009 1854 1081; baseline 0.005 -23"><span class='ocrx_word' id='word_1_126' title='bbox 87 1010 221 1059; x_wconf 87' lang='lat' dir='ltr'>lum:</span> <span class='ocrx_word' id='word_1_127' title='bbox 260 1009 647 1074; x_wconf 85' lang='lat' dir='ltr'>quatuordecim</span> <span class='ocrx_word' id='word_1_128' title='bbox 660 1009 848 1076; x_wconf 81' lang='lat' dir='ltr'>globos</span> <span class='ocrx_word' id='word_1_129' title='bbox 866 1022 1157 1076; x_wconf 87' lang='lat' dir='ltr'>terraqueos</span> <span class='ocrx_word' id='word_1_130' title='bbox 1170 1012 1252 1064; x_wconf 66' lang='lat' dir='ltr'>sua</span> <span class='ocrx_word' id='word_1_131' title='bbox 1271 1015 1602 1080; x_wconf 88' lang='lat' dir='ltr'>amplitudine</span> <span class='ocrx_word' id='word_1_132' title='bbox 1614 1029 1854 1081; x_wconf 79' lang='lat' dir='ltr'>exaequat,</span> 
     </span>
     <span class='ocr_line' id='line_1_16' title="bbox 88 1070 1854 1142; baseline 0.005 -21"><span class='ocrx_word' id='word_1_133' title='bbox 88 1075 348 1124; x_wconf 86' lang='lat' dir='ltr'>altitudine</span> <span class='ocrx_word' id='word_1_134' title='bbox 370 1070 493 1123; x_wconf 79' lang='lat' dir='ltr'>vero</span> <span class='ocrx_word' id='word_1_135' title='bbox 513 1073 709 1140; x_wconf 85' lang='lat' dir='ltr'>superat</span> <span class='ocrx_word' id='word_1_136' title='bbox 734 1077 786 1125; x_wconf 86' lang='lat' dir='ltr'>in</span> <span class='ocrx_word' id='word_1_137' title='bbox 798 1086 997 1125; x_wconf 83' lang='lat' dir='ltr'>tantum</span> <span class='ocrx_word' id='word_1_138' title='bbox 1012 1110 1026 1131; x_wconf 90' lang='lat'>,</span> <span class='ocrx_word' id='word_1_139' title='bbox 1052 1088 1107 1125; x_wconf 93' lang='lat' dir='ltr'>ut</span> <span class='ocrx_word' id='word_1_140' title='bbox 1124 1079 1415 1142; x_wconf 81' lang='lat' dir='ltr'>nonagelies</span> <span class='ocrx_word' id='word_1_141' title='bbox 1439 1084 1687 1133; x_wconf 85' lang='lat' dir='ltr'>centenis,</span> <span class='ocrx_word' id='word_1_142' title='bbox 1719 1096 1854 1131; x_wconf 81' lang='lat' dir='ltr'>non-</span> 
     </span>
     <span class='ocr_line' id='line_1_17' title="bbox 84 1138 1855 1213; baseline 0.005 -28"><span class='ocrx_word' id='word_1_143' title='bbox 84 1140 245 1201; x_wconf 87' lang='lat' dir='ltr'>gentis</span> <span class='ocrx_word' id='word_1_144' title='bbox 263 1138 524 1213; x_wconf 60' lang='lat' dir='ltr'>ostoginta</span> <span class='ocrx_word' id='word_1_145' title='bbox 546 1138 671 1188; x_wconf 64' lang='lat' dir='ltr'>osto</span> <span class='ocrx_word' id='word_1_146' title='bbox 695 1138 986 1188; x_wconf 88' lang='lat' dir='ltr'>milliarium</span> <span class='ocrx_word' id='word_1_147' title='bbox 1014 1139 1248 1195; x_wconf 85' lang='lat' dir='ltr'>millibus,</span> <span class='ocrx_word' id='word_1_148' title='bbox 1267 1143 1626 1192; x_wconf 89' lang='lat' dir='ltr'>intermedium</span> <span class='ocrx_word' id='word_1_149' title='bbox 1641 1144 1855 1208; x_wconf 89' lang='lat' dir='ltr'>spatium</span> 
     </span>
     <span class='ocr_line' id='line_1_18' title="bbox 86 1202 1856 1270; baseline 0.003 -19"><span class='ocrx_word' id='word_1_150' title='bbox 86 1216 248 1251; x_wconf 88' lang='lat' dir='ltr'>nemo</span> <span class='ocrx_word' id='word_1_151' title='bbox 268 1202 412 1251; x_wconf 80' lang='lat' dir='ltr'>facile</span> <span class='ocrx_word' id='word_1_152' title='bbox 434 1214 799 1266; x_wconf 83' lang='lat' dir='ltr'>pervagaretur.</span> <span class='ocrx_word' id='word_1_153' title='bbox 867 1203 967 1252; x_wconf 84' lang='lat' dir='ltr'>Sed</span> <span class='ocrx_word' id='word_1_154' title='bbox 980 1202 1145 1253; x_wconf 86' lang='lat' dir='ltr'>adhuc</span> <span class='ocrx_word' id='word_1_155' title='bbox 1165 1203 1572 1270; x_wconf 87' lang='lat' dir='ltr'>magisSaturnus</span> <span class='ocrx_word' id='word_1_156' title='bbox 1595 1207 1787 1258; x_wconf 88' lang='lat' dir='ltr'>habitat</span> <span class='ocrx_word' id='word_1_157' title='bbox 1801 1209 1856 1257; x_wconf 89' lang='lat' dir='ltr'>in</span> 
     </span>
     <span class='ocr_line' id='line_1_19' title="bbox 85 1264 1852 1334; baseline 0.004 -21"><span class='ocrx_word' id='word_1_158' title='bbox 85 1265 219 1313; x_wconf 88' lang='lat' dir='ltr'>altis:</span> <span class='ocrx_word' id='word_1_159' title='bbox 256 1281 379 1314; x_wconf 89' lang='lat' dir='ltr'>nam</span> <span class='ocrx_word' id='word_1_160' title='bbox 399 1264 539 1330; x_wconf 85' lang='lat' dir='ltr'>supra</span> <span class='ocrx_word' id='word_1_161' title='bbox 558 1265 739 1316; x_wconf 89' lang='lat' dir='ltr'>decem.</span> <span class='ocrx_word' id='word_1_162' title='bbox 765 1265 1020 1316; x_wconf 87' lang='lat' dir='ltr'>milliones</span> <span class='ocrx_word' id='word_1_163' title='bbox 1044 1300 1058 1321; x_wconf 91' lang='lat'>‚</span> <span class='ocrx_word' id='word_1_164' title='bbox 1096 1271 1330 1317; x_wconf 87' lang='lat' dir='ltr'>trecentis</span> <span class='ocrx_word' id='word_1_165' title='bbox 1356 1271 1533 1334; x_wconf 89' lang='lat' dir='ltr'>viginti</span> <span class='ocrx_word' id='word_1_166' title='bbox 1560 1272 1852 1320; x_wconf 87' lang='lat' dir='ltr'>milliarium</span> 
     </span>
     <span class='ocr_line' id='line_1_20' title="bbox 87 1328 1855 1398; baseline 0.005 -22"><span class='ocrx_word' id='word_1_167' title='bbox 87 1328 308 1379; x_wconf 86' lang='lat' dir='ltr'>millibus</span> <span class='ocrx_word' id='word_1_168' title='bbox 328 1342 514 1378; x_wconf 87' lang='lat' dir='ltr'>terram</span> <span class='ocrx_word' id='word_1_169' title='bbox 533 1328 835 1378; x_wconf 88' lang='lat' dir='ltr'>transcendit</span> <span class='ocrx_word' id='word_1_170' title='bbox 853 1362 868 1384; x_wconf 89' lang='lat'>,</span> <span class='ocrx_word' id='word_1_171' title='bbox 908 1330 1046 1386; x_wconf 84' lang='lat' dir='ltr'>cujus</span> <span class='ocrx_word' id='word_1_172' title='bbox 1067 1331 1455 1394; x_wconf 88' lang='lat' dir='ltr'>amplitudinem</span> <span class='ocrx_word' id='word_1_173' title='bbox 1483 1333 1686 1398; x_wconf 81' lang='lat' dir='ltr'>vigesies</span> <span class='ocrx_word' id='word_1_174' title='bbox 1708 1333 1780 1384; x_wconf 90' lang='lat' dir='ltr'>bis</span> <span class='ocrx_word' id='word_1_175' title='bbox 1800 1338 1855 1384; x_wconf 91' lang='lat' dir='ltr'>in</span> 
     </span>
     <span class='ocr_line' id='line_1_21' title="bbox 84 1390 1857 1458; baseline 0.005 -19"><span class='ocrx_word' id='word_1_176' title='bbox 84 1390 132 1439; x_wconf 89' lang='lat' dir='ltr'>se</span> <span class='ocrx_word' id='word_1_177' title='bbox 152 1393 521 1458; x_wconf 64' lang='lat' dir='ltr'>complectitur:</span> <span class='ocrx_word' id='word_1_178' title='bbox 543 1392 661 1442; x_wconf 91' lang='lat' dir='ltr'>hinc</span> <span class='ocrx_word' id='word_1_179' title='bbox 675 1393 791 1456; x_wconf 90' lang='lat' dir='ltr'>quia</span> <span class='ocrx_word' id='word_1_180' title='bbox 799 1394 1015 1442; x_wconf 90' lang='lat' dir='ltr'>Senecio</span> <span class='ocrx_word' id='word_1_181' title='bbox 1031 1426 1044 1447; x_wconf 80' lang='lat'>‚</span> <span class='ocrx_word' id='word_1_182' title='bbox 1064 1393 1330 1445; x_wconf 87' lang='lat' dir='ltr'>difficulter</span> <span class='ocrx_word' id='word_1_183' title='bbox 1353 1410 1532 1446; x_wconf 84' lang='lat' dir='ltr'>movet</span> <span class='ocrx_word' id='word_1_184' title='bbox 1549 1410 1655 1447; x_wconf 88' lang='lat' dir='ltr'>tarn</span> <span class='ocrx_word' id='word_1_185' title='bbox 1664 1394 1857 1449; x_wconf 88' lang='lat' dir='ltr'>vastam</span> 
     </span>
     <span class='ocr_line' id='line_1_22' title="bbox 85 1453 1854 1512; baseline 0.005 -10"><span class='ocrx_word' id='word_1_186' title='bbox 85 1458 313 1512; x_wconf 87' lang='lat' dir='ltr'>molem,</span> <span class='ocrx_word' id='word_1_187' title='bbox 352 1453 549 1505; x_wconf 90' lang='lat' dir='ltr'>festinat</span> <span class='ocrx_word' id='word_1_188' title='bbox 574 1454 864 1505; x_wconf 76' lang='lat' dir='ltr'>admodum</span> <span class='ocrx_word' id='word_1_189' title='bbox 895 1453 1031 1505; x_wconf 78' lang='lat' dir='ltr'>lente</span> <span class='ocrx_word' id='word_1_190' title='bbox 1051 1490 1064 1512; x_wconf 83' lang='lat'>‚</span> <span class='ocrx_word' id='word_1_191' title='bbox 1112 1459 1165 1509; x_wconf 72' lang='grc' dir='ltr'>ὃς</span> <span class='ocrx_word' id='word_1_192' title='bbox 1182 1460 1382 1508; x_wconf 77' lang='lat' dir='ltr'>triointa</span> <span class='ocrx_word' id='word_1_193' title='bbox 1405 1456 1567 1509; x_wconf 77' lang='lat' dir='ltr'>ferme</span> <span class='ocrx_word' id='word_1_194' title='bbox 1597 1477 1854 1512; x_wconf 86' lang='lat' dir='ltr'>annorum</span> 
     </span>
     <span class='ocr_line' id='line_1_23' title="bbox 85 1497 1855 1590; baseline 0.004 -22"><span class='ocrx_word' id='word_1_195' title='bbox 85 1520 117 1568; x_wconf 92' lang='lat' dir='ltr'>s</span> <span class='ocrx_word' id='word_1_196' title='bbox 141 1524 244 1569; x_wconf 88' lang='lat' dir='ltr'>atio</span> <span class='ocrx_word' id='word_1_197' title='bbox 264 1553 277 1574; x_wconf 92' lang='lat'>,</span> <span class='ocrx_word' id='word_1_198' title='bbox 315 1518 452 1568; x_wconf 86' lang='lat' dir='ltr'>suam</span> <span class='ocrx_word' id='word_1_199' title='bbox 476 1531 635 1584; x_wconf 90' lang='lat' dir='ltr'>reptat</span> <span class='ocrx_word' id='word_1_200' title='bbox 659 1535 748 1584; x_wconf 91' lang='lat' dir='ltr'>per</span> <span class='ocrx_word' id='word_1_201' title='bbox 775 1518 998 1570; x_wconf 87' lang='lat' dir='ltr'>orbitarn</span> <span class='ocrx_word' id='word_1_202' title='bbox 1021 1553 1035 1576; x_wconf 89' lang='lat'>,</span> <span class='ocrx_word' id='word_1_203' title='bbox 1081 1497 1431 1585; x_wconf 55' lang='lat' dir='ltr'>nequidquam</span> <span class='ocrx_word' id='word_1_204' title='bbox 1474 1523 1855 1590; x_wconf 86' lang='lat' dir='ltr'>proficientibus</span> 
     </span>
     <span class='ocr_line' id='line_1_24' title="bbox 129 1581 1856 1659; baseline 0.004 -27"><span class='ocrx_word' id='word_1_205' title='bbox 129 1583 319 1638; x_wconf 87' lang='lat' dir='ltr'>imulis,</span> <span class='ocrx_word' id='word_1_206' title='bbox 390 1581 535 1632; x_wconf 89' lang='lat' dir='ltr'>uibus</span> <span class='ocrx_word' id='word_1_207' title='bbox 556 1584 771 1646; x_wconf 86' lang='lat' dir='ltr'>comites</span> <span class='ocrx_word' id='word_1_208' title='bbox 795 1597 975 1648; x_wconf 87' lang='lat' dir='ltr'>urgent</span> <span class='ocrx_word' id='word_1_209' title='bbox 1002 1584 1273 1634; x_wconf 86' lang='lat' dir='ltr'>morosum</span> <span class='ocrx_word' id='word_1_210' title='bbox 1303 1587 1490 1635; x_wconf 88' lang='lat' dir='ltr'>senem.</span> <span class='ocrx_word' id='word_1_211' title='bbox 1592 1589 1732 1659; x_wconf 85' lang='lat' dir='ltr'>Qid</span> <span class='ocrx_word' id='word_1_212' title='bbox 1752 1590 1856 1646; x_wconf 83' lang='lat' dir='ltr'>jam</span> 
     </span>
     <span class='ocr_line' id='line_1_25' title="bbox 85 1644 1855 1710; baseline 0.003 -13"><span class='ocrx_word' id='word_1_213' title='bbox 85 1647 251 1697; x_wconf 87' lang='lat' dir='ltr'>dicam</span> <span class='ocrx_word' id='word_1_214' title='bbox 275 1647 338 1695; x_wconf 92' lang='lat' dir='ltr'>de</span> <span class='ocrx_word' id='word_1_215' title='bbox 359 1648 376 1695; x_wconf 81' lang='lat'>1</span> <span class='ocrx_word' id='word_1_216' title='bbox 401 1646 504 1695; x_wconf 90' lang='lat' dir='ltr'>ellis</span> <span class='ocrx_word' id='word_1_217' title='bbox 519 1680 531 1702; x_wconf 91' lang='lat'>,</span> <span class='ocrx_word' id='word_1_218' title='bbox 552 1661 675 1710; x_wconf 87' lang='lat' dir='ltr'>quas</span> <span class='ocrx_word' id='word_1_219' title='bbox 694 1644 812 1697; x_wconf 88' lang='lat' dir='ltr'>fixas</span> <span class='ocrx_word' id='word_1_220' title='bbox 823 1648 875 1697; x_wconf 91' lang='lat' dir='ltr'>in</span> <span class='ocrx_word' id='word_1_221' title='bbox 886 1647 1234 1705; x_wconf 86' lang='lat' dir='ltr'>firmamento,</span> <span class='ocrx_word' id='word_1_222' title='bbox 1255 1651 1307 1700; x_wconf 85' lang='lat'>&amp;</span> <span class='ocrx_word' id='word_1_223' title='bbox 1325 1650 1479 1700; x_wconf 88' lang='lat' dir='ltr'>veluti</span> <span class='ocrx_word' id='word_1_224' title='bbox 1491 1652 1644 1701; x_wconf 79' lang='lat' dir='ltr'>ae&#39;reo</span> <span class='ocrx_word' id='word_1_225' title='bbox 1662 1654 1855 1703; x_wconf 85' lang='lat' dir='ltr'>annulo</span> 
     </span>
     <span class='ocr_line' id='line_1_26' title="bbox 83 1709 1857 1783; baseline 0.003 -22"><span class='ocrx_word' id='word_1_226' title='bbox 83 1709 301 1761; x_wconf 90' lang='lat' dir='ltr'>totidem</span> <span class='ocrx_word' id='word_1_227' title='bbox 324 1709 494 1760; x_wconf 90' lang='lat' dir='ltr'>infixas</span> <span class='ocrx_word' id='word_1_228' title='bbox 517 1725 746 1776; x_wconf 88' lang='lat' dir='ltr'>gemmas</span> <span class='ocrx_word' id='word_1_229' title='bbox 769 1713 1028 1771; x_wconf 81' lang='lat' dir='ltr'>miramur,</span> <span class='ocrx_word' id='word_1_230' title='bbox 1044 1716 1094 1764; x_wconf 70' lang='grc' dir='ltr'>ὃς</span> <span class='ocrx_word' id='word_1_231' title='bbox 1122 1715 1536 1779; x_wconf 87' lang='lat' dir='ltr'>contemplamur</span> <span class='ocrx_word' id='word_1_232' title='bbox 1558 1717 1574 1763; x_wconf 72' lang='grc' dir='ltr'>ἓ</span> <span class='ocrx_word' id='word_1_233' title='bbox 1617 1717 1857 1783; x_wconf 88' lang='lat' dir='ltr'>plurimas</span> 
     </span>
     <span class='ocr_line' id='line_1_27' title="bbox 83 1773 1855 1844; baseline 0.005 -22"><span class='ocrx_word' id='word_1_234' title='bbox 83 1773 179 1823; x_wconf 84' lang='lat' dir='ltr'>effe</span> <span class='ocrx_word' id='word_1_235' title='bbox 195 1789 356 1823; x_wconf 90' lang='lat' dir='ltr'>nemo</span> <span class='ocrx_word' id='word_1_236' title='bbox 387 1789 498 1823; x_wconf 91' lang='lat' dir='ltr'>non</span> <span class='ocrx_word' id='word_1_237' title='bbox 519 1775 681 1826; x_wconf 82' lang='lat' dir='ltr'>videt,</span> <span class='ocrx_word' id='word_1_238' title='bbox 713 1775 801 1824; x_wconf 84' lang='lat' dir='ltr'>nifi</span> <span class='ocrx_word' id='word_1_239' title='bbox 820 1774 1039 1826; x_wconf 82' lang='lat' dir='ltr'>craffiori</span> <span class='ocrx_word' id='word_1_240' title='bbox 1061 1777 1386 1841; x_wconf 85' lang='lat' dir='ltr'>glaucomate</span> <span class='ocrx_word' id='word_1_241' title='bbox 1406 1779 1605 1828; x_wconf 87' lang='lat' dir='ltr'>laboret</span> <span class='ocrx_word' id='word_1_242' title='bbox 1633 1813 1646 1834; x_wconf 90' lang='lat'>‚</span> <span class='ocrx_word' id='word_1_243' title='bbox 1697 1778 1855 1844; x_wconf 77' lang='lat' dir='ltr'>quam</span> 
     </span>
     <span class='ocr_line' id='line_1_28' title="bbox 84 1837 2092 1904; baseline 0.001 -17"><span class='ocrx_word' id='word_1_244' title='bbox 84 1839 213 1902; x_wconf 87' lang='lat' dir='ltr'>talpa</span> <span class='ocrx_word' id='word_1_245' title='bbox 237 1855 247 1886; x_wconf 76' lang='grc' dir='ltr'><strong><em>ε</em></strong></span> <span class='ocrx_word' id='word_1_246' title='bbox 283 1837 366 1886; x_wconf 91' lang='lat' dir='ltr'>sed</span> <span class='ocrx_word' id='word_1_247' title='bbox 384 1853 659 1887; x_wconf 87' lang='lat' dir='ltr'>numerum</span> <span class='ocrx_word' id='word_1_248' title='bbox 679 1837 1012 1888; x_wconf 88' lang='lat' dir='ltr'>determinare</span> <span class='ocrx_word' id='word_1_249' title='bbox 1036 1842 1144 1902; x_wconf 88' lang='lat' dir='ltr'>quis</span> <span class='ocrx_word' id='word_1_250' title='bbox 1162 1843 1384 1904; x_wconf 73' lang='lat' dir='ltr'>poterit?</span> <span class='ocrx_word' id='word_1_251' title='bbox 1409 1842 1565 1902; x_wconf 74' lang='lat' dir='ltr'>suspice</span> <span class='ocrx_word' id='word_1_252' title='bbox 1586 1845 1738 1890; x_wconf 73' lang='lat' dir='ltr'>Caelum</span> <span class='ocrx_word' id='word_1_253' title='bbox 1757 1879 1772 1895; x_wconf 92' lang='lat'><em>‚</em></span> <span class='ocrx_word' id='word_1_254' title='bbox 1795 1846 1853 1892; x_wconf 66' lang='grc' dir='ltr'>(φ</span> <span class='ocrx_word' id='word_1_255' title='bbox 1884 1838 1994 1887; x_wconf 77' lang='lat' dir='ltr'>Gen.</span> <span class='ocrx_word' id='word_1_256' title='bbox 2016 1852 2033 1885; x_wconf 95' lang='lat'>1</span> <span class='ocrx_word' id='word_1_257' title='bbox 2050 1849 2092 1898; x_wconf 82' lang='lat'>5.</span> 
     </span>
     <span class='ocr_line' id='line_1_29' title="bbox 84 1899 1991 1961; baseline 0.005 -13"><span class='ocrx_word' id='word_1_258' title='bbox 84 1918 261 1948; x_wconf 82' lang='lat' dir='ltr'>numera</span> <span class='ocrx_word' id='word_1_259' title='bbox 272 1900 428 1955; x_wconf 57' lang='lat' dir='ltr'>stellas,</span> <span class='ocrx_word' id='word_1_260' title='bbox 443 1900 481 1958; x_wconf 85' lang='lat' dir='ltr'>si</span> <span class='ocrx_word' id='word_1_261' title='bbox 498 1912 634 1961; x_wconf 76' lang='lat' dir='ltr'>potes.</span> <span class='ocrx_word' id='word_1_262' title='bbox 744 1899 1029 1950; x_wconf 70' lang='lat' dir='ltr'>Tentarunt</span> <span class='ocrx_word' id='word_1_263' title='bbox 1062 1915 1236 1951; x_wconf 89' lang='lat' dir='ltr'>tamen</span> <span class='ocrx_word' id='word_1_264' title='bbox 1264 1905 1553 1953; x_wconf 86' lang='lat' dir='ltr'>innumeras</span> <span class='ocrx_word' id='word_1_265' title='bbox 1584 1922 1853 1956; x_wconf 86' lang='lat' dir='ltr'>numerare</span> <span class='ocrx_word' id='word_1_266' title='bbox 1878 1919 1927 1949; x_wconf 82' lang='lat' dir='ltr'>v·</span> <span class='ocrx_word' id='word_1_267' title='bbox 1948 1914 1991 1959; x_wconf 83' lang='lat'>5·</span> 
     </span>
     <span class='ocr_line' id='line_1_30' title="bbox 86 1964 1848 2031; baseline 0.004 -17"><span class='ocrx_word' id='word_1_268' title='bbox 86 1965 346 2015; x_wconf 90' lang='lat' dir='ltr'>nonnulli,</span> <span class='ocrx_word' id='word_1_269' title='bbox 371 1964 452 2012; x_wconf 87' lang='lat' dir='ltr'>sed</span> <span class='ocrx_word' id='word_1_270' title='bbox 471 1964 640 2012; x_wconf 90' lang='lat' dir='ltr'>nescio</span> <span class='ocrx_word' id='word_1_271' title='bbox 656 1997 671 2019; x_wconf 86' lang='lat'>,</span> <span class='ocrx_word' id='word_1_272' title='bbox 698 1979 761 2012; x_wconf 90' lang='lat' dir='ltr'>an</span> <span class='ocrx_word' id='word_1_273' title='bbox 786 1977 977 2013; x_wconf 86' lang='lat' dir='ltr'>conatu</span> <span class='ocrx_word' id='word_1_274' title='bbox 995 1967 1153 2029; x_wconf 89' lang='lat' dir='ltr'>magis</span> <span class='ocrx_word' id='word_1_275' title='bbox 1171 1966 1413 2031; x_wconf 88' lang='lat' dir='ltr'>prospero</span> <span class='ocrx_word' id='word_1_276' title='bbox 1426 2000 1439 2022; x_wconf 89' lang='lat'>,</span> <span class='ocrx_word' id='word_1_277' title='bbox 1461 1967 1622 2030; x_wconf 75' lang='lat' dir='ltr'>quam</span> <span class='ocrx_word' id='word_1_278' title='bbox 1638 1970 1814 2020; x_wconf 89' lang='lat' dir='ltr'>audaci</span> <span class='ocrx_word' id='word_1_279' title='bbox 1837 1990 1848 2020; x_wconf 90' lang='lat'><strong>:</strong></span> 
     </span>
     <span class='ocr_line' id='line_1_31' title="bbox 85 2027 1884 2095; baseline -0.001 -18"><span class='ocrx_word' id='word_1_280' title='bbox 85 2043 207 2077; x_wconf 88' lang='lat' dir='ltr'>nam</span> <span class='ocrx_word' id='word_1_281' title='bbox 228 2028 530 2077; x_wconf 84' lang='lat' dir='ltr'>Ptolemaeus</span> <span class='ocrx_word' id='word_1_282' title='bbox 554 2027 1109 2093; x_wconf 78' lang='lat' dir='ltr'>10223Grienbergerus</span> <span class='ocrx_word' id='word_1_283' title='bbox 1130 2041 1281 2087; x_wconf 80' lang='lat'>12253</span> <span class='ocrx_word' id='word_1_284' title='bbox 1317 2031 1564 2095; x_wconf 74' lang='lat' dir='ltr'>Keplerus</span> <span class='ocrx_word' id='word_1_285' title='bbox 1591 2045 1737 2092; x_wconf 81' lang='lat'>13923</span> <span class='ocrx_word' id='word_1_286' title='bbox 1756 2035 1851 2084; x_wconf 67' lang='grc' dir='ltr'>ΡΗ-</span> <span class='ocrx_word' id='word_1_287' title='bbox 1881 2063 1884 2066; x_wconf 47' lang='lat'><em>&lt;</em></span> 
     </span>
     <span class='ocr_line' id='line_1_32' title="bbox 86 2091 1849 2156; baseline 0.005 -17"><span class='ocrx_word' id='word_1_288' title='bbox 86 2093 196 2139; x_wconf 87' lang='lat' dir='ltr'>nius</span> <span class='ocrx_word' id='word_1_289' title='bbox 219 2093 366 2143; x_wconf 83' lang='lat'>16003</span> <span class='ocrx_word' id='word_1_290' title='bbox 402 2091 616 2156; x_wconf 84' lang='lat' dir='ltr'>Bayerus</span> <span class='ocrx_word' id='word_1_291' title='bbox 633 2102 750 2150; x_wconf 84' lang='lat'>1725</span> <span class='ocrx_word' id='word_1_292' title='bbox 778 2108 792 2143; x_wconf 81' lang='lat'>3</span> <span class='ocrx_word' id='word_1_293' title='bbox 827 2091 1058 2141; x_wconf 82' lang='lat' dir='ltr'>Galilaeus</span> <span class='ocrx_word' id='word_1_294' title='bbox 1080 2091 1144 2140; x_wconf 92' lang='lat' dir='ltr'>de</span> <span class='ocrx_word' id='word_1_295' title='bbox 1168 2092 1381 2142; x_wconf 86' lang='lat' dir='ltr'>Galilaeis</span> <span class='ocrx_word' id='word_1_296' title='bbox 1399 2094 1526 2144; x_wconf 90' lang='lat' dir='ltr'>ultra</span> <span class='ocrx_word' id='word_1_297' title='bbox 1546 2095 1726 2146; x_wconf 91' lang='lat' dir='ltr'>decem</span> <span class='ocrx_word' id='word_1_298' title='bbox 1737 2099 1849 2148; x_wconf 87' lang='lat' dir='ltr'>mil-</span> 
     </span>
     <span class='ocr_line' id='line_1_33' title="bbox 87 2152 1848 2216; baseline 0.005 -13"><span class='ocrx_word' id='word_1_299' title='bbox 87 2155 151 2203; x_wconf 89' lang='lat' dir='ltr'>lia</span> <span class='ocrx_word' id='word_1_300' title='bbox 165 2187 178 2208; x_wconf 91' lang='lat'>,</span> <span class='ocrx_word' id='word_1_301' title='bbox 204 2157 255 2205; x_wconf 84' lang='lat'>&amp;</span> <span class='ocrx_word' id='word_1_302' title='bbox 277 2154 493 2216; x_wconf 86' lang='lat' dir='ltr'>denique</span> <span class='ocrx_word' id='word_1_303' title='bbox 513 2155 773 2204; x_wconf 89' lang='lat' dir='ltr'>Ricciolus</span> <span class='ocrx_word' id='word_1_304' title='bbox 797 2152 967 2203; x_wconf 88' lang='lat' dir='ltr'>noster</span> <span class='ocrx_word' id='word_1_305' title='bbox 986 2156 1111 2204; x_wconf 86' lang='lat' dir='ltr'>ultra</span> <span class='ocrx_word' id='word_1_306' title='bbox 1130 2158 1280 2205; x_wconf 91' lang='lat' dir='ltr'>vicies</span> <span class='ocrx_word' id='word_1_307' title='bbox 1299 2170 1511 2207; x_wconf 87' lang='lat' dir='ltr'>centena</span> <span class='ocrx_word' id='word_1_308' title='bbox 1533 2160 1688 2210; x_wconf 87' lang='lat' dir='ltr'>millia</span> <span class='ocrx_word' id='word_1_309' title='bbox 1708 2158 1848 2211; x_wconf 87' lang='lat' dir='ltr'>testa-</span> 
     </span>
     <span class='ocr_line' id='line_1_34' title="bbox 86 2217 1849 2282; baseline 0.004 -15"><span class='ocrx_word' id='word_1_310' title='bbox 86 2231 168 2267; x_wconf 90' lang='lat' dir='ltr'>tur</span> <span class='ocrx_word' id='word_1_311' title='bbox 183 2251 195 2272; x_wconf 96' lang='lat'>,</span> <span class='ocrx_word' id='word_1_312' title='bbox 219 2230 416 2266; x_wconf 86' lang='lat' dir='ltr'>armato</span> <span class='ocrx_word' id='word_1_313' title='bbox 439 2219 597 2267; x_wconf 93' lang='lat' dir='ltr'>oculo</span> <span class='ocrx_word' id='word_1_314' title='bbox 613 2250 626 2273; x_wconf 85' lang='lat'>,</span> <span class='ocrx_word' id='word_1_315' title='bbox 645 2218 690 2266; x_wconf 94' lang='lat' dir='ltr'>se</span> <span class='ocrx_word' id='word_1_316' title='bbox 710 2217 956 2267; x_wconf 72' lang='lat' dir='ltr'>detexisse.</span> <span class='ocrx_word' id='word_1_317' title='bbox 1002 2220 1100 2268; x_wconf 79' lang='lat' dir='ltr'>En!</span> <span class='ocrx_word' id='word_1_318' title='bbox 1138 2219 1293 2282; x_wconf 79' lang='lat' dir='ltr'>quam</span> <span class='ocrx_word' id='word_1_319' title='bbox 1313 2221 1488 2271; x_wconf 85' lang='lat' dir='ltr'>diverfi</span> <span class='ocrx_word' id='word_1_320' title='bbox 1507 2219 1689 2272; x_wconf 65' lang='lat' dir='ltr'>eadem</span> <span class='ocrx_word' id='word_1_321' title='bbox 1711 2225 1775 2274; x_wconf 92' lang='lat' dir='ltr'>de</span> <span class='ocrx_word' id='word_1_322' title='bbox 1793 2241 1849 2275; x_wconf 89' lang='lat' dir='ltr'>re</span> 
     </span>
     <span class='ocr_line' id='line_1_35' title="bbox 87 2281 1848 2353; baseline 0.003 -21"><span class='ocrx_word' id='word_1_323' title='bbox 87 2281 386 2346; x_wconf 87' lang='lat' dir='ltr'>Sophorum</span> <span class='ocrx_word' id='word_1_324' title='bbox 407 2281 579 2330; x_wconf 91' lang='lat' dir='ltr'>sensus.</span> <span class='ocrx_word' id='word_1_325' title='bbox 679 2281 778 2330; x_wconf 87' lang='lat' dir='ltr'>Sed</span> <span class='ocrx_word' id='word_1_326' title='bbox 800 2284 871 2330; x_wconf 90' lang='lat' dir='ltr'>uti</span> <span class='ocrx_word' id='word_1_327' title='bbox 892 2286 942 2331; x_wconf 89' lang='lat' dir='ltr'>in</span> <span class='ocrx_word' id='word_1_328' title='bbox 963 2297 1183 2332; x_wconf 90' lang='lat' dir='ltr'>numero</span> <span class='ocrx_word' id='word_1_329' title='bbox 1206 2317 1220 2338; x_wconf 90' lang='lat'>,</span> <span class='ocrx_word' id='word_1_330' title='bbox 1256 2286 1322 2332; x_wconf 87' lang='lat' dir='ltr'>ita</span> <span class='ocrx_word' id='word_1_331' title='bbox 1345 2299 1556 2348; x_wconf 91' lang='lat' dir='ltr'>quoque</span> <span class='ocrx_word' id='word_1_332' title='bbox 1576 2288 1630 2336; x_wconf 89' lang='lat' dir='ltr'>in</span> <span class='ocrx_word' id='word_1_333' title='bbox 1654 2292 1848 2353; x_wconf 88' lang='lat' dir='ltr'>magni-</span> 
     </span>
     <span class='ocr_line' id='line_1_36' title="bbox 87 2343 1844 2410; baseline 0.004 -15"><span class='ocrx_word' id='word_1_334' title='bbox 87 2348 263 2395; x_wconf 88' lang='lat' dir='ltr'>tudine</span> <span class='ocrx_word' id='word_1_335' title='bbox 283 2347 410 2394; x_wconf 88' lang='lat' dir='ltr'>inter</span> <span class='ocrx_word' id='word_1_336' title='bbox 435 2344 548 2393; x_wconf 88' lang='lat' dir='ltr'>illos</span> <span class='ocrx_word' id='word_1_337' title='bbox 567 2343 892 2394; x_wconf 87' lang='lat' dir='ltr'>disconvenit.</span> <span class='ocrx_word' id='word_1_338' title='bbox 931 2346 1081 2400; x_wconf 86' lang='lat' dir='ltr'>Sunt,</span> <span class='ocrx_word' id='word_1_339' title='bbox 1103 2348 1190 2409; x_wconf 89' lang='lat' dir='ltr'>qui</span> <span class='ocrx_word' id='word_1_340' title='bbox 1207 2348 1383 2410; x_wconf 79' lang='lat' dir='ltr'>aequali</span> <span class='ocrx_word' id='word_1_341' title='bbox 1411 2349 1662 2401; x_wconf 86' lang='lat' dir='ltr'>diametro</span> <span class='ocrx_word' id='word_1_342' title='bbox 1684 2348 1844 2402; x_wconf 88' lang='lat' dir='ltr'>stellas</span> 
     </span>
     <span class='ocr_line' id='line_1_37' title="bbox 85 2407 1843 2474; baseline 0.005 -17"><span class='ocrx_word' id='word_1_343' title='bbox 85 2425 271 2459; x_wconf 88' lang='lat' dir='ltr'>omnes</span> <span class='ocrx_word' id='word_1_344' title='bbox 302 2408 600 2464; x_wconf 80' lang='lat' dir='ltr'>dijudicant,</span> <span class='ocrx_word' id='word_1_345' title='bbox 636 2411 687 2459; x_wconf 72' lang='grc' dir='ltr'>ὅ(</span> <span class='ocrx_word' id='word_1_346' title='bbox 713 2407 900 2458; x_wconf 87' lang='lat' dir='ltr'>diversa</span> <span class='ocrx_word' id='word_1_347' title='bbox 931 2408 1270 2474; x_wconf 79' lang='lat' dir='ltr'>phaenomena</span> <span class='ocrx_word' id='word_1_348' title='bbox 1298 2413 1351 2460; x_wconf 91' lang='lat' dir='ltr'>in</span> <span class='ocrx_word' id='word_1_349' title='bbox 1384 2410 1628 2463; x_wconf 88' lang='lat' dir='ltr'>diversam</span> <span class='ocrx_word' id='word_1_350' title='bbox 1665 2412 1843 2465; x_wconf 88' lang='lat' dir='ltr'>distan-</span> 
     </span>
     <span class='ocr_line' id='line_1_38' title="bbox 85 2470 1838 2536; baseline 0.002 -13"><span class='ocrx_word' id='word_1_351' title='bbox 85 2476 211 2523; x_wconf 88' lang='lat' dir='ltr'>tiam</span> <span class='ocrx_word' id='word_1_352' title='bbox 229 2471 502 2521; x_wconf 90' lang='lat' dir='ltr'>refundunt</span> <span class='ocrx_word' id='word_1_353' title='bbox 526 2489 537 2520; x_wconf 90' lang='lat'>:</span> <span class='ocrx_word' id='word_1_354' title='bbox 571 2470 655 2520; x_wconf 92' lang='lat' dir='ltr'>sed</span> <span class='ocrx_word' id='word_1_355' title='bbox 674 2471 880 2527; x_wconf 76' lang='lat' dir='ltr'>melius,</span> <span class='ocrx_word' id='word_1_356' title='bbox 916 2475 1003 2535; x_wconf 81' lang='lat' dir='ltr'>qui</span> <span class='ocrx_word' id='word_1_357' title='bbox 1019 2472 1097 2521; x_wconf 86' lang='lat' dir='ltr'>sex</span> <span class='ocrx_word' id='word_1_358' title='bbox 1120 2473 1354 2529; x_wconf 88' lang='lat' dir='ltr'>diversas,</span> <span class='ocrx_word' id='word_1_359' title='bbox 1382 2474 1681 2526; x_wconf 88' lang='lat' dir='ltr'>infideribus</span> <span class='ocrx_word' id='word_1_360' title='bbox 1706 2477 1838 2536; x_wconf 88' lang='lat' dir='ltr'>fixis,</span> 
     </span>
     <span class='ocr_line' id='line_1_39' title="bbox 87 2532 1844 2650; baseline 0.002 -62"><span class='ocrx_word' id='word_1_361' title='bbox 87 2536 456 2604; x_wconf 78' lang='lat' dir='ltr'>magnitudines</span> <span class='ocrx_word' id='word_1_362' title='bbox 473 2547 681 2587; x_wconf 89' lang='lat' dir='ltr'>notant:</span> <span class='ocrx_word' id='word_1_363' title='bbox 716 2535 811 2587; x_wconf 85' lang='lat' dir='ltr'>hos</span> <span class='ocrx_word' id='word_1_364' title='bbox 823 2538 950 2587; x_wconf 87' lang='lat' dir='ltr'>inter</span> <span class='ocrx_word' id='word_1_365' title='bbox 964 2532 1034 2650; x_wconf 53' lang='lat' dir='ltr'>elge</span> <span class='ocrx_word' id='word_1_366' title='bbox 1051 2537 1254 2590; x_wconf 87' lang='lat' dir='ltr'>Clavius</span> <span class='ocrx_word' id='word_1_367' title='bbox 1265 2571 1280 2595; x_wconf 92' lang='lat'>,</span> <span class='ocrx_word' id='word_1_368' title='bbox 1301 2535 1649 2597; x_wconf 79' lang='lat' dir='ltr'>Astronomiae</span> <span class='ocrx_word' id='word_1_369' title='bbox 1662 2542 1844 2613; x_wconf 31' lang='lat' dir='ltr'>cul-tio-</span> 
     </span>
     <span class='ocr_line' id='line_1_40' title="bbox 1045 2614 1775 2654; baseline 0.004 -3"><span class='ocrx_word' id='word_1_370' title='bbox 1045 2614 1075 2651; x_wconf 77' lang='lat'>2</span> <span class='ocrx_word' id='word_1_371' title='bbox 1710 2620 1775 2654; x_wconf 83' lang='lat' dir='ltr'>ns</span> 
     </span>
    </p>
   </div>
  </div>
 </body>
</html>
