2177 2905
787 630 894 680 Abi
917 628 1090 682 denuo
1116 631 1230 682 felix
1253 632 1441 687 Penna,

503 692 722 743 Resume
745 694 867 749 alas,
887 698 937 746 ὅ(
958 695 1234 746 animosior
1253 696 1352 753 jam
1377 696 1494 746 vola
1518 695 1733 747 sursumi
1758 755 1762 759 ,

313 751 438 822 Qo
466 756 804 822 praevolfirunt
829 758 927 814 jam
954 758 1149 807 dudum
1189 771 1310 809 vota
1334 792 1347 813 ,
1371 761 1552 810 Coelos
1582 762 1688 810 subi
1717 763 1921 815 devota.

337 850 348 861 ·
611 821 749 870 PriuS
777 833 828 868 tc
849 823 970 871 Filio
985 853 998 875 ,
1018 822 1117 878 jam
1138 822 1237 880 Filii
1260 834 1308 870 te
1327 820 1433 870 liste
1452 825 1624 877 Matri,

307 881 369 930 Et
390 895 499 946 quae
522 882 655 948 prius
677 886 728 933 in
749 885 870 934 Filio
891 887 1141 996 MatreXib,
1163 885 1332 943 jamin
1353 887 1520 934 Matre
1542 886 1700 935 adora
1727 888 1924 938 Filium.

1141 965 1179 997 1:

388 1008 799 1060 Microeosmum
819 1026 927 1059 non
960 1010 1137 1074 respuit
1161 1006 1383 1059 Christus
1400 1043 1414 1064 ,
1437 1012 1552 1074 quia
1576 1011 1841 1062 Parvulus:

429 1073 819 1136 Megacosmum
843 1090 952 1122 non
977 1074 1170 1137 respuet
1197 1074 1392 1123 Parvuli
1415 1075 1604 1139 Magna
1626 1076 1808 1125 Mater.

369 1123 704 1201 Philosophiae
731 1138 974 1187 Primitias
1007 1133 1228 1190 obtulisti
1248 1139 1599 1202 Primogenito
1623 1140 1858 1203 Virginis,

370 1199 778 1263 Primogenitum
797 1200 1130 1266 Philosophiae
1157 1201 1387 1250 laborem
1412 1203 1508 1258 iam
1530 1201 1659 1251 offer
1678 1204 1857 1253 Matri:

507 1262 612 1311 Erit
635 1265 824 1326 primus
843 1263 924 1313 hic
947 1265 1118 1313 Partus
1139 1263 1475 1313 Authorixsuo
1494 1264 1718 1321 abortus,

465 1321 540 1376 Ni
573 1321 600 1376 ὲ
625 1327 765 1377 lacto
794 1326 942 1377 fonte
966 1328 1108 1376 illum
1135 1327 1354 1393 suscipiat
1372 1328 1556 1377 Divina
1577 1331 1761 1380 Mater.

839 1390 969 1440 Abi!
1009 1391 1130 1454 quid
1153 1392 1392 1455 trepidas?

303 1449 687 1518 Philosophiam
704 1470 813 1505 non
837 1451 1040 1504 imerito
1072 1456 1329 1503 consecras
1348 1452 1681 1521 Philosophiae
1704 1458 1918 1512 Parenti,

852 1519 987 1584 Quia
1008 1520 1229 1578 Sapientiae
1247 1520 1344 1565 Sede·
1359 1536 1371 1566 ;

352 1579 491 1629 Nam
516 1580 650 1629 unde
682 1580 847 1630 fluunt
874 1584 933 1631 Sa
973 1585 1132 1631 ientiae
1161 1581 1399 1635 fiumina,
1418 1581 1605 1632 merito
1624 1583 1868 1636 refluunt3

229 1640 293 1691 Et
313 1642 449 1691 unde
467 1645 676 1692 veniunt
697 1597 1013 1708 Philosophus
1033 1645 1254 1692 Lumina
1267 1677 1280 1698 ,
1307 1644 1423 1691 illuc
1443 1642 1629 1694 merito
1650 1647 1987 1700 reflectuntur.

595 1706 986 1771 Megaeosmum
1014 1721 1122 1754 non
1145 1703 1407 1756 immerito
1426 1707 1623 1756 dedicas

894 1773 1095 1830 Deiparae
1123 1769 1290 1829 Virgini
1302 1789 1312 1816 .-

361 1832 502 1883 Nam
524 1828 782 1883 illustravit
801 1833 1079 1884 Mundum,
1107 1834 1231 1881 dum
1250 1834 1425 1882 Solem
1445 1836 1619 1899 genuit
1636 1835 1862 1891 Mundo,

447 1912 458 1920 ‘
681 1894 895 1960 Ipsamet
921 1892 1364 1960 Megistocosmus›

115 1958 263 2013 Dum
280 1959 453 2024 genuit
469 1958 898 2015 Microcosmum‚
913 1962 1002 2023 qui
1024 1960 1158 2013 fecit,
1180 1972 1329 2023 atque
1355 1959 1526 2009 refecit
1544 1959 2097 2028 huncMegacosmum.

671 2022 812 2084 Qid
835 2026 1076 2073 miramur
1098 2022 1256 2087 Sophi
1280 2025 1549 2079 Naturam,
2060 2050 2063 2053 ·

230 2085 377 2140 Dum
397 2084 673 2152 Deiparam
689 2087 955 2149 Virginem
984 2089 1035 2135 in
1055 2088 1250 2137 Natura
1272 2090 1521 2137 cernimus
1548 2087 1687 2153 supra
1706 2089 1987 2141 Naturam?

746 2150 876 2213 Virgo
900 2151 1077 2203 Mater,
1104 2150 1211 2200 duo
1235 2150 1458 2205 verbula,

638 2213 770 2276 Qae
795 2214 1061 2262 includunt
1085 2228 1292 2263 centum
1318 2215 1570 2279 prodigia:

551 2276 850 2326 Debebatur
871 2275 951 2325 hie
970 2276 1142 2326 honos
1161 2277 1249 2326 soli
1269 2278 1419 2327 Matri
1446 2279 1662 2334 Divinae,

459 2339 574 2390 Nec
595 2339 911 2395 eniminasci,
937 2340 1022 2389 nifi
1047 2355 1104 2388 ex
1122 2342 1350 2404 Virgine,
1373 2339 1548 2393 DEUS
1572 2342 1761 2400 debuit,

549 2403 663 2453 Nec
687 2403 853 2468 Virgo
881 2405 1048 2453 Mater
1071 2402 1164 2452 esse
1184 2404 1384 2459 debuit,
1410 2404 1497 2455 nisi
1525 2406 1660 2455 DEI.

866 2468 986 2525 Jure
1018 2481 1068 2516 te
1089 2467 1348 2517 consecras

810 2530 1156 2590 Philosbphorum
1187 2536 1411 2592 Patronaeg

339 2591 483 2647 Nam
499 2589 692 2658 indiget
708 2589 1031 2660 Philosophia
1050 2593 1233 2660 Sophis
1245 2627 1260 2652 2
1278 2609 1373 2647 nec
1391 2592 1507 2651 raro
1525 2595 1874 2713 Philosophi&
1905 2658 1975 2716 sd
2076 2661 2079 2666 .
