2222 2905
116 213 283 273 §et-52.

123 293 171 323 v.
199 289 216 324 1
261 311 275 324 .

393 91 459 141 -34
1025 71 1186 140 Sphinx
1219 74 1464 140 Clariffi'ma.

337 172 446 239 quo
466 173 574 239 plus
595 171 771 227 habet,
792 172 902 285 plus
913 173 1064 239 cupit.
1133 171 1210 223 At
1228 171 1432 230 Deliciis
1455 172 1622 227 allicit,
1646 170 1730 222 sed
1751 185 1861 237 quae
1881 187 1991 223 non
2015 173 2119 225 fine

342 237 678 288 amaritudine
712 237 801 301 gui
825 248 972 285 antur
994 270 1008 292 ‚
1048 238 1100 286 ὃς
1129 248 1303 287 tamen
1327 238 1519 285 aeternis
1548 237 1790 303 supplicijs
1826 239 2117 303 expiantur:

338 301 573 365 nunquid
595 316 790 347 amarum
814 299 869 354 est
889 298 1150 364 dereliquiffi?
1170 302 1407 347 Dominum
1428 302 1627 348 DEUM
1639 301 1790 357 situm?

501 363 702 414 LEUC:
739 366 873 413 Tam
896 359 975 429 pie
1007 397 1021 418 ‚
1057 362 1213 427 quam
1243 362 1509 413 efficaciter
1538 361 1728 429 stringis
1755 364 1868 415 :sed
1892 363 2124 429 ignosce,

342 429 439 479 hac
461 424 634 478 forma
660 439 795 476 extra
815 427 1043 475 form‘am
1061 442 1182 475 cum
1194 425 1509 492 Philosopho
1530 428 1774 478 ambulas.
1820 429 2125 491 MEquuid

340 493 445 543 ita?
513 491 713 542 LEUC:
749 492 866 554 quia
885 489 1063 539 sensim
1084 492 1136 538 in
1160 489 1338 539 ascesin
1366 490 1622 540 delaberis.
1691 493 1855 543 MEL:
1893 490 2052 557 aptius
2072 493 2126 540 in

340 555 578 608 Ethicam
595 551 782 603 dixifl'es
807 570 820 606 3
856 552 938 602 sed
959 554 1192 618 nunquid
1210 557 1260 604 ὃς
1291 566 1347 602 tu
1368 556 1421 604 in
1443 555 1765 605 oblivionem
1795 555 2037 604 delaberis
2072 554 2126 603 il-

341 620 462 672 lius,
500 617 636 682 quod
659 615 882 683 primum
907 615 1014 666 heri
1038 619 1053 666 ἓ
1086 617 1369 667 meminisse
1390 631 1589 683 poteras
1621 617 1645 676 (
1663 619 1807 682 quod
1819 620 1899 669 vel
1921 616 2041 668 ideo
2071 620 2129 666 ti-

346 682 398 734 bi
427 682 613 732 iterum
634 678 923 744 iterumque
950 682 1260 731 inculcatum
1291 697 1356 730 60
1381 681 1403 739 )
1438 682 1771 747 Philosophiae
1798 679 1981 732 nostrae
2016 697 2129 731 non

345 746 504 796 alium
525 744 620 795 effe
647 743 829 799 finem,
865 744 954 794 nisi
972 760 1128 809 quem
1151 743 1315 795 statuit
1326 746 1488 800 Plato,
1513 747 1798 798 Divinitatis
1824 761 2011 811 nempe
2035 761 2130 794 no-

346 811 538 863 titiam,
576 811 626 859 &
647 820 911 857 amorem:
948 823 1106 872 quem
1138 808 1204 859 sic
1229 808 1543 875 Philoibpho
1574 822 1742 860 ratum
1769 806 1839 858 est
1864 809 2126 875 persequi,

344 885 402 922 ut
425 873 570 922 illum
589 870 810 935 assequar
830 872 1059 922 Ethicus:
1085 872 1182 922 dixi
1208 890 1220 926 3
1256 875 1323 923 ita
1351 886 1516 924 ratum
1533 907 1545 929 ,
1570 871 1846 935 fixumque.
1925 874 2092 937 Pergo
2113 905 2128 927 ‚

343 952 399 986 ar
436 938 652 986 umentis
674 935 880 1001 physicis
910 936 1162 993 maiorem
1185 938 1248 986 de
1269 938 1418 987 DEO
1454 937 1571 988 dare
1599 939 1839 990 notitiam
1867 969 1882 991 ‚
1899 948 1955 986 ut
1985 936 2129 985 subin

340 951 519 1050 Etffiica
538 1033 551 1054 ,
587 1002 841 1057 majorem
873 1001 925 1049 in
946 1000 1261 1066 Philosophis
1291 1013 1502 1065 generet
1531 1016 1785 1051 amorem.
1842 1002 1993 1064 Pinge
2005 1000 2094 1049 tibi
2113 1032 2127 1057 ‚

345 1063 492 1127 quod
523 1061 611 1114 sibi
634 1063 901 1126 quondam
927 1065 1132 1114 Boetius
1152 1098 1165 1118 ,
1191 1067 1244 1114 in
1273 1064 1507 1130 Peripato
1536 1064 1726 1130 grande
1754 1063 1924 1122 jubar,
1961 1062 2096 1128 finge
2115 1095 2131 1118 ‚

342 1126 664 1191 spectabilem
687 1127 776 1175 tibi
816 1127 862 1176 se
885 1124 1046 1176 sistere
1065 1127 1472 1192 Philosophiam:
1509 1130 1706 1193 percipe
1731 1161 1743 1182 ‚
1769 1140 1823 1176 ut
1845 1128 2134 1190 alloquatur

346 1189 686 1256 Philosophos
707 1192 921 1239 nominc
943 1224 957 1244 2
1001 1207 1054 1239 16
1073 1203 1246 1240 tamen
1275 1193 1430 1241 brutis
1451 1225 1463 1245 ‚
1501 1190 1657 1254 quam
1678 1190 1975 1240 hominibus
2003 1189 2134 1239 fimi-

349 1255 517 1304 liores‘.
570 1251 739 1303 Existit
758 1255 964 1307 DEUS,
1002 1251 1160 1303 existit
1179 1271 1307 1304 unus
1332 1289 1348 1309 2
1383 1256 1530 1318 quod
1564 1253 1601 1302 fi
1633 1270 1746 1303 non
1768 1254 1966 1303 creditiS
1990 1287 2004 1308 ‚
2041 1254 2134 1302 do·

345 1331 493 1367 cente
513 1333 598 1366 1116
641 1317 899 1367 evidenter
938 1318 1061 1366 scitis
1090 1351 1104 1372 ,
1140 1318 1229 1367 nisi
1263 1320 1471 1367 rationis
1504 1319 1682 1366 lumen
1710 1349 1724 1371 ,
1769 1315 1948 1366 natura
1979 1319 2135 1366 etiam

349 1393 662 1446 repugnante
686 1415 699 1436 ,
736 1380 931 1446 penitus
953 1378 1242 1430 extinxistis:
1281 1378 1437 1430 existit
1459 1383 1608 1446 igitur
1631 1379 1659 1428 a
1679 1381 1752 1434 se,
1769 1383 1820 1430 <Sc
1842 1381 1989 1444 quod
2009 1395 2135 1430 con-

347 1445 566 1509 sequitur
589 1478 602 1499 ,
638 1447 693 1494 in
721 1447 869 1494 omni
900 1445 1217 1510 perfectionis
1249 1459 1434 1510 genere
1459 1477 1472 1499 ‚
1519 1443 1741 1493 infinitus
1772 1462 1782 1491 :
1821 1445 1966 1506 quod
1995 1446 2134 1493 enim

347 1509 448 1560 Ens
470 1505 539 1556 est
562 1507 589 1557 a
618 1508 664 1557 se
689 1542 703 1563 ‚
740 1507 768 1557 a
792 1509 937 1557 nullo
968 1510 1227 1573 participat
1258 1510 1513 1557 rationem
1548 1509 1685 1557 Entis
1717 1525 1726 1554 ε
1764 1521 1813 1569 qv
1839 1508 1910 1557 od
1942 1506 1977 1556 fi
2006 1505 2134 1557 vero

347 1571 547 1622 cautam
568 1572 638 1621 fiii
664 1588 774 1621 non
792 1571 945 1621 habet
967 1605 981 1625 ,
1018 1572 1385 1636 perfectionem
1411 1605 1423 1625 ‚
1458 1573 1617 1620 avaris
1659 1571 1899 1619 limiti-aus
1923 1573 2135 1619 circum-

352 1636 582 1700 scriptam
606 1669 621 1689 ,
654 1635 841 1684 habere
866 1638 1043 1698 nequit
1065 1654 1074 1682 z
1112 1651 1235 1684 nam
1261 1635 1508 1698 quidquid
1533 1636 1728 1682 cernitis
1760 1635 2034 1682 limitatum
2055 1668 2068 1688 ‚
2106 1634 2134 1684 a

353 1700 438 1751 sua
468 1700 610 1748 causa
639 1732 652 1753 ‚
688 1701 885 1747 cernitis
915 1699 1189 1748 limitatum
1219 1732 1232 1753 ‚
1270 1714 1379 1761 quae
1412 1710 1500 1747 aut
1530 1713 1641 1762 non
1671 1698 1841 1764 potuit
1859 1731 1873 1752 ,
1909 1710 1995 1746 aut
2022 1714 2135 1748 non

354 1764 520 1812 voluit
538 1762 646 1826 plus
660 1762 977 1826 perfectionis
1001 1761 1198 1811 effectui
1225 1763 1613 1811 communicare
1641 1779 1651 1809 :
1689 1757 1758 1808 est
1776 1762 1925 1825 igitur
1955 1764 2134 1811 omnia

353 1826 552 1878 DEUS.
630 1825 898 1891 Qidqnid
924 1826 1119 1891 pulchri
1148 1826 1337 1874 relucet
1370 1827 1425 1873 in·
1445 1825 1548 1874 sole
1569 1858 1581 1880 ,
1618 1823 1865 1888 quidquid
1891 1825 2054 1888 placet
2080 1829 2132 1875 in

353 1886 502 1940 stellis
527 1922 539 1943 ‚
575 1890 719 1953 quod
744 1889 990 1938 blandum
1025 1889 1208 1939 arridet
1237 1891 1289 1937 in
1308 1888 1458 1943 iride,
1495 1889 1637 1951 quod
1663 1890 1789 1952 rapit
1814 1889 1866 1936 in
1897 1887 2134 1944 floribus,

358 1953 505 2016 quod
535 1965 725 2002 recreat
755 1955 807 2000 in
838 1952 1066 2002 fontibus
1091 1986 1104 2006 ,
1140 1952 1285 2016 quod
1318 1954 1370 2003 in
1401 1951 1771 2016 pulchritudine
1805 1965 1967 2000 creata
2001 1953 2135 2001 fasci-

358 2029 472 2071 nat,
510 2018 686 2068 omnia
707 2018 921 2080 reperire
955 2018 1007 2064 in
1035 2017 1183 2065 DEO
1208 2013 1292 2064 est.
1365 2015 1481 2066 Plus
1507 2015 1657 2063 dico:
1693 2030 1875 2063 omnes
1902 2014 1990 2064 has
2025 2031 2133 2081 pcr-

359 2079 602 2130 fectiones
624 2080 854 2130 continet
874 2078 973 2129 fine
1012 2079 1213 2129 defectu
1238 2098 1253 2133 ς
1287 2080 1456 2130 bonus
1477 2075 1544 2128 est
1563 2078 1668 2127 fine
1693 2079 1929 2141 qualitate
1950 2079 1977 2134 ,’
1993 2095 2133 2146 mag-

359 2159 453 2192 nus
486 2143 587 2193 fine
612 2145 887 2206 quantitate
911 2176 924 2199 ‚
960 2143 1232 2193 immensus
1274 2143 1376 2193 fine
1413 2140 1698 2192 extensione
1734 2174 1748 2197 ,
1783 2154 1993 2192 aeternus
2031 2142 2135 2193 fine

358 2207 516 2272 spatio
542 2208 786 2272 temporis
808 2224 819 2254 :
855 2203 1184 2256 remotiffime
1207 2204 1351 2256 distat
1378 2206 1440 2255 ab
1465 2204 1704 2256 omnibus
1728 2238 1741 2259 ‚
1778 2208 1829 2256 δε
1859 2217 2032 2255 tamen
2063 2210 2134 2257 vi·

362 2268 631 2319 ciniffimus
654 2267 722 2319 est
744 2287 754 2319 :
790 2271 934 2319 nullo
962 2272 1085 2320 loco
1111 2267 1464 2334 constringitur
1485 2302 1501 2323 ‚
1536 2271 1587 2320 &
1608 2269 1795 2332 ubique
1817 2269 2022 2335 pra‘scns
2040 2268 2129 2326 cst,

361 2332 555 2397 semper
580 2336 711 2398 agit,
747 2337 797 2385 &
818 2334 1010 2399 semper
1047 2335 1250 2398 quiescit
1272 2368 1286 2389 ,
1321 2335 1496 2394 omnia
1534 2344 1696 2383 mutat
1727 2366 1741 2388 ,
1775 2335 1827 2383 ὅ(
1868 2348 2133 2398 nunquam
2206 2389 2208 2392 ,

361 2408 586 2445 mutatur
610 2429 624 2450 ‚
658 2409 841 2446 movet
866 2400 1041 2447 omnia
1062 2399 1160 2463 ipse
1182 2397 1465 2448 Immobilis
1482 2429 1494 2452 ‚
1528 2394 1918 2461 comprehendit
1934 2399 2130 2453 omnia,

364 2461 416 2510 ὅ(
442 2458 469 2507 ὲ
491 2461 696 2509 nemine
712 2461 1178 2524 comprehenditur.
1231 2462 1344 2512 Plus
1367 2460 1512 2512 dico:
1548 2475 1731 2510 omnes
1764 2458 1852 2510 has
1870 2461 2132 2526 perfectio-

364 2537 454 2575 nes
475 2524 706 2578 continet
727 2526 894 2579 modo
922 2523 1366 2584 excellentiffimoz
1399 2521 1616 2593 ‘possidet
1644 2523 1746 2577 sine
1779 2524 1987 2638 limite}i
2004 2527 2127 2595 *quia

1898 2602 1950 2637 111
1988 2603 2061 2638 m-
