2177 2905
422 79 514 128 180
1014 71 1222 122 Ariadne
1244 68 1435 131 Physica.

351 169 627 224 servarunt.
690 167 924 233 Equibus
953 168 1171 222 nemini,
1202 182 1346 222 reor,
1365 180 1475 214 non
1488 161 1651 229 potest
1670 165 1764 214 effe
1774 165 2109 230 perspicuum,
2166 163 2177 185 ³

353 239 585 289 Lunam,
604 234 943 284 humidorum
954 234 1193 282 omnium
1205 232 1510 283 Dominam,
1541 231 1906 294 propinquiore
1926 227 2108 285 fidere,
2138 225 2177 270 Ἀ

356 297 639 363 viribusque
671 296 901 360 specificae
924 296 1167 359 qualitatis
1199 293 1262 343 fic
1293 297 1630 343 commovere
1653 295 1923 343 Oceanum
1946 325 1960 346 ‚
1987 305 2042 342 ut
2060 296 2113 342 in
2159 310 2177 334 κ

356 363 609 420 eiusmodi
628 361 767 412 aestus
790 361 1007 422 denique
1030 357 1329 408 effervescat.
1399 358 1520 406 Haec
1540 357 1706 411 causa,
1730 355 1885 420 quam
1900 354 2032 406 mihi
2043 359 2112 406 vi-

357 425 874 477 deturaecommoda‚
905 436 1009 472 tam
1025 436 1234 485 quoque
1255 418 1817 475 insufficiensjudicatur.
1857 420 1997 468 Nam
2018 423 2114 466 inae-

356 491 544 554 qualitas
563 491 702 538 monis
717 525 731 542 ,
757 490 841 551 qui
866 502 960 535 nec
979 483 1098 534 stata
1117 498 1353 548 tempora
1374 484 1603 532 observat
1632 517 1645 539 ‚
1679 499 1772 532 nec
1795 482 1983 546 legibus
2003 483 2113 531 ullis
2136 489 2139 499 '
2159 498 2175 513 *2

357 550 713 618 constringitur
734 587 748 608 ,
779 553 919 615 plura
939 551 1059 615 petit
1085 549 1340 613 principia.
1438 548 1537 596 Sed
1571 563 1802 610 quaenam
1824 548 1902 594 illa
1928 547 1942 593 ἓ
1971 545 2110 598 sunt,

358 619 446 680 qui
468 617 700 666 Siderum
722 609 1361 678 influxus‚Ve11torumque
1380 610 1597 661 diversos
1615 614 1829 675 impetus
1851 608 2114 673 assignant:

358 681 497 736 sunt,
535 684 621 743 qui
651 680 798 730 litum
833 692 971 727 terrae
998 710 1010 731 ‚
1044 679 1338 739 Regionum
1366 708 1379 728 ‚
1411 670 1665 736 marisque
1697 674 1968 723 adducunt.
2039 671 2115 720 Illi
2171 679 2174 683 ’

360 740 819 809 omnium-optime
843 776 858 795 -,
894 743 979 804 qui
1002 743 1050 789 ὃς
1074 739 1276 788 Phoebo
1307 736 1534 786 directius
1555 741 1605 785 in
1631 753 1769 784 mare
1799 738 1992 799 agenti,
2018 736 2114 782 ele-

359 804 602 870 vantt'qu‘e
625 822 836 870 vapores
860 836 873 857 2
908 806 994 867 qui
1016 802 1101 868 ipsi
1125 804 1341 853 Oceano
1364 834 1374 853 ‚
1402 802 1658 862 qualitates
1679 802 1832 847 Lunae
1852 797 2115 860 sympathi-

358 886 439 920 cas
455 903 468 925 ‚
492 883 577 919 aut
595 867 728 919 certe
750 870 935 933 spiritus
951 867 1188 917 nitrosos,
1218 863 1512 925 salsugineos
1528 895 1540 915 ,
1565 862 1792 927 volatiles
1807 895 1821 916 2
1844 861 2116 910 Mercuria-

357 935 428 984 les
450 968 462 990 ‚
495 934 681 983 ciendae
712 931 1089 981 fermentationi
1120 925 1486 976 accommodas
1514 924 1832 978 suffundenti‚
1855 935 1958 971 tam
1983 938 2119 987 para-

362 998 552 1047 doxam
578 996 859 1046 adscribunt
878 994 1057 1041 marini
1077 987 1215 1040 aestiis
1237 992 1546 1038 varietatem.
1615 989 1713 1038 Sed
1733 990 1784 1036 in
1804 1004 1856 1036 re
1876 987 2007 1038 adeo
2029 989 2118 1037 du-

362 1061 442 1110 bia
460 1074 515 1111 tu
535 1059 561 1109 a
588 1075 671 1123 me
690 1060 868 1107 certius
891 1057 958 1108 nil
985 1057 1232 1118 requira83
1256 1052 1288 1101 fi
1312 1048 1398 1100 ista
1413 1051 1748 1101 curiofitatem
1764 1065 1902 1100 tuam
1924 1067 2033 1099 non
2053 1051 2118 1099 sa-

362 1126 488 1172 tiant
510 1157 522 1177 ,
561 1121 822 1171 Ariadnen
850 1135 1014 1184 quaere
1034 1152 1047 1173 ,
1084 1133 1194 1182 quae
1225 1119 1437 1166 certiore
1465 1116 1555 1165 filo
1590 1115 1874 1164 reconditas
1910 1116 2117 1165 Naturae

361 1189 463 1240 vias
487 1187 574 1235 tibi
599 1188 798 1249 aperiat.

491 1251 689 1301 LEUC:
729 1246 826 1298 Hic
855 1264 965 1298 non
993 1246 1100 1312 plus
1128 1243 1254 1293 ultra
1277 1278 1291 1298 ,
1327 1258 1391 1292 ne
1425 1259 1545 1292 cum
1590 1240 1903 1307 Philosopho
1949 1243 2119 1308 Euripi

354 1315 581 1365 -vortices
603 1329 697 1362 nos
723 1312 1033 1376 demergant.
1071 1309 1332 1358 Ariadnen
1354 1306 1611 1370 Physicam
1630 1307 1698 1355 sat
1723 1306 1820 1362 iam
1841 1305 2006 1360 secuti,
2021 1321 2117 1371 pro

363 1379 752 1442 complemento
775 1393 788 1427 μ
821 1375 962 1424 filum
987 1388 1196 1436 quoque
1216 1373 1277 1421 ab
1301 1370 1472 1420 Ethica
1496 1382 1739 1435 petamus.
1841 1370 2014 1434 Quem
2039 1370 2121 1418 illa

361 1440 678 1505 Philosophis
715 1439 1057 1504 labyrinthum
1087 1439 1239 1502 aperit
1268 1438 1283 1483 ἓ
1319 1451 1440 1498 quas
1476 1434 1712 1497 implexas
1739 1435 1791 1481 in
1828 1432 2119 1498 labyrintho

366 1508 504 1555 vias?
542 1508 669 1575 Qae
709 1501 977 1568 mysteria?
1028 1516 1181 1563 quam
1213 1500 1474 1549 Ariadnen
1500 1500 1517 1545 ?
1545 1497 1686 1559 quod
1710 1496 1889 1545 filum?
1956 1499 2118 1550 MEL,·

364 1571 633 1618 Arcanum
658 1563 727 1615 est
749 1569 982 1617 unicum,
1007 1563 1150 1626 quod
1175 1559 1407 1626 mysteria
1428 1560 1641 1625 Physicae
1672 1558 1826 1624 longe
1848 1560 2116 1624 exsuperat.

363 1631 700 1695 Labyrinthus
723 1627 790 1677 est
812 1628 1029 1677 mundus
1051 1643 1064 1677 ς
1100 1623 1248 1673 status
1269 1627 1319 1671 in
1339 1623 1536 1671 mundo
1556 1623 1672 1678 vai-ij
1688 1656 1699 1675 ,
1714 1626 1858 1671 variae
1871 1626 1989 1674 viae3
2014 1637 2120 1685 my-

366 1692 569 1743 sterium
587 1694 865 1748 ‚Vocatio3
894 1689 1344 1742 Ariadne,Divina
1356 1688 1592 1734 Numinis
1618 1686 1965 1735 Providentiaz
2003 1686 2122 1734 deli-

362 1758 556 1807 beratio
573 1791 586 1810 ‚
612 1755 772 1806 filum.
849 1755 968 1804 Hoc
992 1753 1257 1816 negotium
1280 1748 1437 1813 Sophi
1457 1750 1744 1812 primarium
1759 1782 1771 1801 ‚
1804 1752 1919 1812 quia
1937 1764 1993 1795 ex
2016 1748 2120 1797 hoc

365 1821 591 1887 pendent
612 1821 815 1882 negotia
836 1829 1033 1865 caetera:
1091 1814 1193 1863 hoc
1228 1812 1349 1861 illud
1386 1828 1512 1856 mmm
1538 1809 1604 1859 est
1630 1811 1922 1869 neceffim'um,
1959 1809 1986 1861 ὲ
2011 1827 2120 1874 quo

363 1885 552 1950 pendet
573 1884 815 1947 praesentis
836 1884 945 1929 vitae
966 1880 1193 1927 felicitas,
1210 1876 1386 1923 futurae
1399 1874 1537 1922 salus.
1606 1876 1663 1922 In
1682 1874 1969 1937 labyrintho
1993 1876 2120 1941 Phy-

365 1949 469 1999 fico
488 1947 521 1996 fi
542 1948 745 1996 rationis
765 1945 907 1994 filum
931 1956 979 1990 te
1014 1941 1152 1990 subin
1183 1936 1436 1991 destituat,
1457 1937 1738 1986 modicum·
1758 1934 1826 1986 est
1847 1939 2118 1990 detrimen—

364 2025 502 2065 tum3
533 2013 585 2059 in
605 2009 707 2059 hoc
728 2007 762 2057 fi
787 2009 813 2057 a
834 2010 912 2057 via
941 2006 1163 2058 aberres,
1186 2016 1427 2051 aeternum
1451 2000 1778 2064 dispendium.
1879 2004 1941 2051 Et
1957 2017 2021 2051 ne
2043 2005 2119 2054 so-

365 2074 643 2125 lummodo
665 2073 816 2121 verba
836 2087 919 2119 me
940 2070 1028 2118 tibi
1044 2068 1159 2117 dare
1182 2063 1439 2117 existimes,
1454 2064 1562 2126 plus
1584 2068 1788 2177 centgn
1811 2066 1973 2115 verbis
1992 2084 2120 2133 pon-

368 2139 599 2188 derosam
615 2137 730 2186 audi
750 2136 1078 2186 Sententiam,
1099 2147 1196 2193 qua
1216 2129 1319 2177 haec
1339 2129 1608 2178 confirmat
1631 2129 1698 2176 D.
1766 2131 2120 2193 regorius,Lu.

369 2218 490 2252 men
513 2200 635 2252 illud
656 2236 669 2255 ,
698 2200 841 2262 quod
866 2198 1098 2248 universae
1120 2193 1342 2247 Ecclefiae
1365 2195 1678 2242 Nazianzum
1702 2194 1945 2243 accendit.
2037 2197 2120 2246 Sic

127 2272 341 2328 Orat023,
372 2267 479 2314 ille:
519 2268 685 2311 cera-2722
704 2268 803 2310 vitae
819 2276 948 2321 genus
965 2262 1212 2316 constituere
1232 2273 1299 2303 res
1317 2255 1370 2310 esi
1391 2260 1505 2302 tanti
1525 2257 1752 2306 momenti,
1774 2269 1824 2302 ut
1845 2260 1980 2303 totius
1997 2262 2113 2313 vitae,

374 2330 448 2376 vel
477 2328 611 2377 νεὲῑὲ,
636 2330 707 2374 vel
729 2327 839 2374 male*
856 2328 1114 2373 traducendae
1126 2322 1448 2380 fundamentum
1467 2324 1510 2369 in
1533 2335 1578 2364 eo
1597 2318 1656 2377 fit
1666 2319 1863 2379 positum.
1957 2323 2117 2372 Perci-

374 2395 477 2459 pjre
496 2391 653 2456 sophi
668 2426 680 2446 ‚
701 2404 827 2454 quot
847 2389 997 2437 verba
1012 2423 1025 2444 ‚
1045 2402 1122 2439 tot
1143 2385 1327 2452 signate
1351 2381 1578 2445 mysteria
1593 2415 1606 2434 ,
1631 2397 1738 2430 non
1767 2380 1933 2432 vestro
1953 2385 2116 2434 solum

373 2458 522 2519 digna
540 2457 762 2519 ingenio,
783 2454 862 2503 sed
885 2454 1034 2502 ctiam
1050 2449 1252 2505 aeterna,
1269 2446 1302 2494 fi
1321 2449 1426 2499 fieri
1445 2442 1622 2512 potest,
1643 2444 1910 2496 memoria.
1977 2450 2117 2498 Nam

370 2519 489 2574 licet
510 2521 699 2572 Divina
718 2519 956 2571 Numinis
980 2515 1318 2571 Providentia,
1343 2512 1405 2564 ad
1427 2525 1586 2564 unum
1610 2526 1789 2562 omnes
1809 2526 1901 2562 vos
1921 2512 2038 2586 velit
2057 2527 2117 2563 ae-

1852 2588 2050 2625 ternum
