2182 2916
713 90 885 156 Coloffiaes
916 94 1137 158 Mysticus.
1606 128 1608 131 -
1681 105 1742 160 83

44 195 282 244 chritudini
304 193 525 244 maxima
539 224 554 247 ‚
615 206 706 246 uae,
731 189 788 240 ut
806 203 952 240 notat
969 189 1255 241 Carneades
1277 224 1291 246 ‚
1326 191 1586 258 perfringit
1603 197 1811 252 omnia,

42 257 147 311 fine
169 258 408 308 laborum
430 256 571 306 mole
615 256 669 314 ijs
695 288 708 310 ‚
745 257 944 304 animos
972 254 1125 304 flestit
1146 254 1248 304 fine
1278 252 1419 315 studij
1453 258 1604 315 taedijs
1630 291 1644 314 ,
1681 259 1813 309 bella

43 324 170 387 gerit
198 320 300 371 sine
322 319 479 371 milite
507 352 521 374 ‚
555 319 658 369 fine
682 318 867 368 viribus
895 318 1110 367 debellat
1133 351 1147 374 ‚
1183 317 1284 368 fine
1315 322 1464 369 armis
1501 321 1809 388 triumphat:

44 384 252 440 Verbo,
271 384 382 433 solo
403 382 601 448 aspectu
614 416 628 437 ‚
651 383 837 438 Circes)
853 382 1006 431 veluti
1023 381 1211 446 philtro
1225 415 1238 435 ‚
1259 382 1464 432 fascinat
1474 385 1652 433 cuncta
1664 417 1678 441 ,
1693 387 1812 451 ipsa-

42 461 152 498 met
174 459 424 497 exarmata
451 458 672 495 exarmat
692 446 869 493 omnia
888 477 901 498 ‚
935 442 1132 508 suaeque
1161 444 1352 500 subiicit
1373 443 1622 511 potestati.

201 512 399 561 LEUC:
435 512 510 559 Ita
533 505 632 557 est:
670 508 882 558 advertit
918 522 1155 570 quoque,
1186 505 1241 557 ni
1266 509 1443 564 fallor,
1473 509 1811 576 Philosophos

43 586 232 624 veteres
263 605 280 629 ‚
313 573 508 622 nullam
535 570 629 621 effe
648 583 844 620 aetatem
871 604 883 624 ‚
920 572 1278 620 conditionem
1297 571 1573 622 hominum
1593 576 1806 631 nullam,

42 652 152 700 quae
171 649 317 686 tantae
337 637 432 685 sese
454 637 692 701 potentiae
716 633 1000 682 subtrahere
1039 635 1202 684 valeat
1225 651 1238 687 3
1271 634 1392 685 hinc
1423 636 1809 689 Pulchritudinis

41 701 285 766 estypon,
318 700 540 748 mulieris
571 697 809 762 symbolo
842 696 1213 746 adumbrabant
1242 731 1255 752 ,
1291 714 1401 762 quae
1435 715 1593 749 manu
1632 701 1809 752 floscu-

39 764 117 814 los
138 762 481 814 diss‘uaviando
503 795 518 816 ,
554 758 787 810 substrata
816 760 1025 825 pedibus
1057 762 1289 810 animalia
1321 775 1574 827 premeret
1604 800 1618 815 ,
1649 766 1808 826 piscem

39 843 160 876 cum
183 828 313 879 alite,
334 842 455 875 cum
487 826 630 886 lepore
648 828 856 870 Leonem:
881 826 970 872 en!
1005 823 1429 889 hierogliphicum
1450 825 1678 883 schema,
1695 844 1806 892 quo

42 903 144 939 tam
164 889 382 945 abie&os
405 922 419 942 ‚
456 888 611 951 quam
637 888 793 936 elatos
828 889 881 935 in
906 890 1020 936 ae'ra
1041 921 1054 942 ‚
1090 889 1317 937 imbelles
1349 887 1491 952 aeque
1520 905 1579 939 ac
1609 891 1766 941 fortes
1789 926 1804 948 ‚

39 953 285 1009 subjacere
316 951 577 1018 despotico
613 950 997 1000 Pulchritudinis
1023 952 1145 1016 jugo
1169 984 1182 1006 ,
1224 950 1576 1016 significaram.
1644 957 1802 1005 MEL:

33 1014 316 1066 Enimvero
343 1032 452 1064 non
477 1010 611 1063 male
639 1015 941 1062 lineamenta
961 1013 1041 1062 hic
1057 1016 1342 1080 penicillus:
1379 1017 1517 1066 videt
1530 1018 1670 1067 nulla
1691 1035 1803 1071 non

40 1092 150 1128 actas
173 1111 186 1132 ‚
222 1078 598 1144 pulchritudinis
624 1077 817 1125 throno
839 1078 1066 1126 certatim
1086 1076 1323 1127 substerni
1346 1111 1360 1134 ‚
1394 1095 1532 1129 nunc
1557 1081 1751 1145 ligones
1774 1083 1804 1134 a

37 1144 229 1193 Titiris‚
252 1141 432 1191 nunca
454 1141 634 1206 Sophis
655 1140 952 1204 epomidem
977 1175 990 1191 ‚
1027 1139 1055 1189 a
1077 1141 1381 1191 Consulibus
1408 1143 1577 1198 fasces,
1595 1146 1804 1211 Sceptra

38 1204 64 1253 a
88 1205 324 1268 Regibus,
392 1203 509 1254 Imo
531 1204 666 1254 videt
694 1206 744 1252 ὃ(
765 1200 1062 1268 obstupescit
1094 1203 1159 1251 ad
1185 1203 1271 1253 has
1307 1220 1411 1254 aras
1431 1240 1445 1257 ,
1482 1207 1636 1272 ipsam
1665 1211 1804 1259 incli-

36 1271 142 1317 nari
160 1265 352 1317 hastam
371 1267 398 1316 a
417 1270 583 1317 Marte
616 1300 628 1320 ‚
665 1265 835 1314 sacrari
857 1265 1139 1330 pharetram
1166 1267 1232 1315 ab
1251 1268 1500 1333 Apolline
1529 1302 1544 1324 ‚
1576 1270 1802 1336 suspendi

36 1331 232 1380 fulmen
257 1330 284 1379 a
306 1332 453 1389 Jove.
526 1330 722 1379 Oculos
745 1361 758 1382 ‚
778 1328 813 1376 s1
835 1328 976 1377 lubet
991 1362 1003 1384 ,
1032 1330 1280 1395 immerge
1302 1331 1569 1396 paululum
1587 1332 1800 1385 Histori-

35 1397 103 1442 cis
130 1395 480 1443 monumentis
502 1425 515 1446 ‚
552 1396 600 1442 ὅ(
623 1407 711 1456 per
734 1391 963 1440 sexcenta
987 1391 1216 1457 prodigia
1243 1393 1609 1445 confirmatum
1636 1395 1800 1464 stupe-

32 1457 105 1506 bis
123 1456 504 1508 Pulchritudinis
522 1455 719 1504 solium.
782 1456 914 1504 Mox
943 1468 1177 1503 occurret
1194 1456 1422 1507 formosa
1442 1459 1659 1512 Rachel,
1685 1477 1796 1525 quae

34 1535 92 1568 ex
113 1519 316 1578 Jacobo
343 1519 503 1567 libero
533 1518 651 1567 fecit
674 1519 986 1584 mancipium
1009 1551 1022 1572 ‚
1058 1520 1174 1581 quia
1212 1520 1284 1569 bis
1315 1520 1537 1586 septenni
1563 1523 1799 1575 servitute.

31 1598 188 1633 unam
207 1597 375 1631 emere
399 1582 686 1632 servitutem
707 1597 818 1629 non
833 1580 1090 1630 recusavit.
1157 1584 1408 1632 Occurret
1426 1585 1665 1643 Thamar,
1682 1604 1792 1651 quae

31 1661 88 1695 ex
111 1646 260 1695 fratre
278 1645 398 1694 sano
433 1681 447 1697 ,
482 1644 602 1694 fecit
634 1643 865 1693 insanum
888 1677 902 1698 ,
926 1647 1042 1707 quia
1079 1648 1267 1695 erotica
1301 1647 1526 1711 phrenesi
1554 1651 1791 1701 insanien-

30 1722 152 1758 tem.
229 1705 376 1758 Sistet
395 1708 441 1757 se
460 1707 711 1761 Betsabee‚
740 1722 849 1769 quae
869 1707 934 1756 fic
960 1707 1047 1756 fibi
1076 1709 1290 1758 subdidit
1306 1713 1525 1776 Regem,
1548 1726 1603 1761 ut
1625 1729 1681 1762 ex
1701 1717 1790 1779 pio

30 1772 216 1821 faceret
231 1774 447 1836 impium
466 1805 482 1825 ‚
517 1772 634 1834 quia
655 1769 941 1820 adulterum
962 1804 977 1825 ‚
1012 1787 1070 1819 ex
1090 1773 1250 1837 impio
1270 1790 1395 1822 mox
1418 1775 1758 1839 impijffimum
1775 1812 1786 1832 ,

31 1837 146 1900 quia
167 1835 451 1884 adulterum
473 1833 618 1883 limul
639 1836 690 1882 ὅ(
709 1832 1041 1886 homicidam.
1078 1833 1257 1883 Sistent
1275 1836 1320 1884 se
1339 1838 1662 1893 Moabitides‚
1678 1856 1787 1904 quae

34 1915 92 1949 ex
107 1898 391 1949 Salomone
418 1898 531 1946 sene
560 1896 808 1945 infantem
832 1930 847 1950 ‚
884 1912 941 1944 ex
974 1897 1344 1961 Sapientissimo
1384 1897 1549 1950 fecere
1584 1899 1788 1952 stultissi-

32 1978 205 2016 mum,
227 1963 342 2024 quia
364 1961 635 2009 Idolorum
664 1958 870 2008 suorum
895 1959 1043 2007 idolis
1072 1959 1187 2008 thus
1209 1961 1518 2012 adolentem.
1586 1963 1703 2014 Imo
1733 1969 1784 2017 &

33 2025 307 2074 Herculem
324 2023 514 2073 videbis
538 2056 552 2076 ‚
585 2023 668 2070 cui
691 2055 705 2078 2
735 2024 843 2084 quis
871 2022 1097 2070 crederet
1121 2024 1136 2070 ἓ
1173 2023 1429 2088 Omphala
1464 2027 1664 2076 extorsit
1689 2030 1784 2078 cla-

34 2099 184 2140 vam;
208 2086 563 2149 *mutatamque
593 2087 645 2133 in
667 2086 839 2134 colum
862 2085 1164 2150 androgyno
1198 2084 1405 2136 restituit
1425 2120 1438 2142 ,
1475 2089 1686 2154 dignum
1714 2093 1783 2141 ef-

32 2148 304 2197 foeminato
330 2150 546 2198 Hercule
565 2148 869 2213 trophaeum.
937 2149 1262 2211 Cleopatram
1284 2166 1454 2200 cernes
1482 2184 1495 2207 ,
1532 2168 1642 2215 quae
1664 2153 1783 2204 sedi-

32 2210 161 2259 tioso
181 2211 402 2259 tumultu
424 2214 723 2261 Romanum
750 2213 1025 2284 Imperium
1055 2214 1119 2261 fic
1151 2212 1395 2262 concussit
1421 2248 1434 2267 ‚
1471 2227 1526 2263 ut
1546 2218 1785 2267 Marcum

31 2274 326 2323 Antonium
345 2271 446 2323 vita
469 2307 483 2328 ,
518 2271 655 2322 fama
676 2307 689 2328 ‚
724 2274 976 2336 bonisque
1010 2275 1248 2324 omnibus
1279 2276 1522 2341 spoliarit:
1580 2279 1674 2342 pro
1699 2298 1786 2346 pu-

30 2337 127 2385 dor
148 2338 157 2384 !
194 2338 357 2385 virum
381 2337 595 2385 foemina
621 2369 634 2390 ‚
669 2334 801 2386 adeo
824 2338 951 2386 bella
975 2336 1092 2387 fecit
1109 2339 1384 2388 imbellem.
1453 2340 1594 2408 Qd
1617 2343 1784 2393 dicam

31 2401 93 2448 de
115 2397 477 2463 pulchritudine
502 2401 705 2449 Helenae
727 2433 742 2455 ,
779 2403 858 2449 cui
882 2401 972 2449 suis
991 2401 1175 2466 sepulta
1194 2403 1438 2453 cineribus
1453 2437 1465 2458 ‚
1487 2405 1591 2454 hoc
1610 2418 1781 2455 tamen
1810 2408 2005 2460 AElianus

28 2463 183 2518 Troia
204 2462 427 2525 elogium
450 2480 460 2509 ε
497 2463 701 2527 dignam
723 2462 817 2511 effe
841 2497 855 2517 ,
892 2476 945 2511 ut
965 2480 1057 2529 pro
1077 2465 1202 2514 illius
1220 2481 1397 2514 amore
1421 2484 1501 2513 non
1528 2469 1650 2515 mod&
1673 2470 1778 2516 Tro-
1807 2470 1837 2516 l.
1859 2483 1935 2517 12.

0 2584 9 2589 Ι
24 2527 73 2585 ja
101 2527 271 2577 ,arderet
292 2560 306 2577 ,
334 2524 405 2584 fed
431 2537 548 2574 totus
588 2528 764 2574 mundm
800 2539 1002 2579 certarem
1087 2530 1150 2579 Et
1180 2526 1444 2581 enimvero
1464 2528 1624 2582 arsere
1653 2533 1740 2581 Ilia
1760 2566 1774 2587 ‚
1801 2536 1973 2583 varlar.

883 2591 928 2640 L
961 2603 990 2635 2
1591 2609 1712 2643 nam
