2177 2905
620 89 775 150 Hydra
791 85 920 142 nostri
933 83 1167 148 Tefflport’s.
1625 100 1653 134 2
1661 100 1717 149 59

42 188 284 241 malitiam
298 222 312 244 ‚
333 188 414 238 illa
448 202 512 239 ne
543 184 900 238 tumultuosius
931 188 1126 238 vincat,
1145 181 1250 232 haec
1273 196 1337 232 ne
1357 179 1782 291 eumfraejudicio

41 253 131 303 suo
158 252 381 302 velocius
407 251 751 317 supprimatur.
851 243 1033 307 Iniuste
1065 247 1267 311 vapulat
1293 246 1357 298 ab
1391 259 1478 292 eru
1515 243 1588 290 ito
1612 242 1784 312 Orbe,

44 317 169 365 dum
193 330 385 366 errores
399 316 590 364 ‘nutrire
618 314 823 369 dicitur,
847 327 978 388 quos
1008 323 1116 359 non
1143 307 1228 358 nisi
1257 308 1469 358 fanatica
1498 307 1550 355 in
1582 303 1786 361 somniis

39 377 532 443 finguntjesuitarum
554 381 778 442 ingenia,
802 377 997 439 suisque
1022 384 1314 435 excoquunt
1336 370 1598 438 delirantes
1619 369 1785 432 capiti-

41 442 148 491 bus.
218 444 290 492 lta
311 438 405 496 est,
427 444 650 490 innocua
678 443 882 507 patitur,
908 439 1033 487 dum
1065 436 1314 486 aMolinae
1339 432 1602 488 calumniis
1623 432 1784 500 Qes-

42 505 158 553 nelli
181 505 423 569 dogmata
449 505 693 556 vindicam
738 505 864 554 dum
893 498 1153 567 praemifl'as
1185 499 1275 548 suo
1301 497 1498 549 calculo
1525 494 1735 557 probat,
1757 493 1786 545 ὲ

42 568 223 630 quibus
248 566 729 632 PhilosophiaOrbis
741 565 1016 637 Catholici,
1038 561 1421 627 conclufionem
1442 560 1662 611 deducit,
1678 571 1788 607 non

41 630 129 679 nisi
148 629 407 695 peffimam
420 663 434 686 ‚
454 629 810 683 scandalosam‚
832 627 1117 691 sacrilegam
1131 658 1144 681 ‚
1163 628 1215 677 ὅ(
1238 625 1340 676 hoc
1360 623 1568 674 tandem
1587 632 1789 686 tempo-

42 709 96 742 rc
119 690 148 744 ὲ
169 694 339 743 Galliae
359 692 541 744 finibus
563 693 941 742 eliminandam.

170 757 368 808 LEUC:
445 758 573 807 Non
604 772 818 810 vanum,
840 770 981 807 reor,
1008 749 1079 802 est
1109 768 1296 806 omen,
1317 749 1462 815 quod
1493 746 1520 799 ὲ
1540 742 1788 813 praemissis

44 831 150 868 tam
173 819 358 869 vitiosis
379 819 680 877 Jansenianae
705 818 885 869 Haereli
915 817 1165 882 praesagire
1186 814 1331 880 possit
1348 809 1678 876 friburgenfis
1701 810 1790 858 Pe-

47 883 244 946 ripatus.
308 882 410 931 Sed
428 882 609 931 vitioso
631 883 729 939 jam
748 896 895 931 more
915 881 1061 929 faciet
1078 879 1340 932 circulum,
1360 880 1411 928 ὃς
1434 875 1463 926 ὲ
1478 871 1788 938 Philosophi-

47 959 112 993 co
135 944 332 1010 tripode
353 946 416 993 ad
436 946 577 995 altius
603 945 901 1010 provocabit
912 942 1172 994 Tribunal.
1240 943 1397 988 MEL:
1465 934 1654 989 frustra
1672 951 1790 1001 pro-

47 1019 224 1056 vocat:
261 1007 325 1056 ad
346 1007 726 1072 Theologicum
751 1007 784 1057 si
806 1007 1036 1073 appellet,
1058 1006 1252 1054 dudum
1276 1005 1400 1054 illius
1419 999 1696 1052 conclusio,
1716 1000 1791 1047 ni·

48 1086 141 1135 gro
163 1082 335 1119 notata
354 1067 424 1119 est
446 1071 1002 1122 anathematiscalcuIO.
1068 1071 1119 1119 Si
1140 1068 1427 1118 aFacultate
1438 1067 1466 1124 J
1472 1060 1658 1114 uridica
1670 1063 1790 1112 Sen-

48 1136 256 1181 tentiam
280 1146 429 1198 pctat,
457 1134 589 1183 dicet
609 1136 690 1183 illa
713 1132 739 1184 ὲ
761 1132 1009 1199 praemiffis
1030 1166 1043 1186 2
1077 1147 1188 1195 quae
1218 1143 1397 1181 contra
1417 1131 1506 1188 Jus
1541 1128 1790 1176 Divinum

48 1197 196 1246 DEO
223 1197 472 1260 denegant
485 1198 801 1247 Bonitatem:
837 1212 946 1261 quae
969 1195 1192 1245 Ecclefiae
1209 1193 1590 1244 Authoritatem
1613 1201 1793 1238 contra

48 1261 137 1318 jus
160 1259 451 1324 positivum:
488 1275 599 1323 quae
618 1273 795 1311 contra
803 1262 835 1320 J
839 1276 892 1309 us
903 1260 1148 1310 Gentium
1168 1257 1471 1308 Mortalibus
1484 1255 1646 1319 spem:
1683 1267 1792 1314 quae

51 1336 230 1372 contra
249 1325 337 1382 Jus
361 1326 628 1379 Naturale,
654 1326 856 1374 Naturae
875 1323 1125 1387 denegant
1149 1322 1457 1371 libertatem:
1478 1314 1505 1367 ὲ
1526 1317 1703 1365 talibus
1723 1315 1792 1364 di-

52 1399 168 1434 cent
196 1386 443 1450 praemissis
463 1386 845 1437 conclusionem
869 1403 976 1435 non
996 1384 1132 1451 poffe
1159 1386 1320 1448 sequi,
1344 1382 1431 1432 nisi
1453 1377 1791 1431 scandalosam

52 1449 274 1513 Superis,
294 1446 508 1513 ipsisque
530 1451 703 1500 Inferis
726 1450 1079 1517 execrandam..
1141 1448 1303 1514 Qod
1333 1446 1366 1496 si
1388 1447 1659 1510 agonizans
1677 1442 1703 1499 J
1709 1455 1791 1489 an-

54 1512 213 1561 senius
243 1512 269 1560 a
297 1516 546 1563 Facultate
574 1511 779 1563 Medica
804 1529 963 1563 omen
993 1515 1242 1576 exquirat,
1262 1511 1393 1561 dicet
1423 1510 1528 1562 illa,
1549 1504 1794 1555 morbum

55 1575 122 1637 ab·
143 1575 246 1639 ipso
270 1589 464 1640 aegroto
493 1591 756 1638 nunquam
782 1579 1033 1640 agnitum,
1056 1577 1156 1632 jam
1184 1573 1277 1622 effe
1306 1573 1508 1622 fatalem
1525 1604 1536 1624 ‚
1558 1573 1607 1620 ὅ(
1638 1568 1797 1617 infau-

54 1635 180 1686 stam
204 1637 471 1689 necessario
497 1636 612 1704 post
640 1640 684 1687 se
705 1638 898 1693 trahere
918 1638 1203 1686 clausulam.
1283 1636 1380 1686 Sed
1404 1639 1453 1685 ὅ(
1476 1633 1509 1682 fi
1530 1631 1682 1697 ipsam
1711 1630 1795 1678 Hi-

53 1697 258 1749 storiam
278 1702 526 1757 consulat,
547 1702 708 1766 legere
725 1704 909 1766 poterit
929 1699 1107 1750 similes
1125 1701 1176 1748 in
1202 1698 1492 1764 Hugonotis
1512 1692 1770 1761 praemiffas
1783 1724 1798 1745 ‚

56 1764 237 1825 quibus
255 1766 364 1814 Rex
383 1765 464 1814 ille
487 1766 720 1828 Magnus,
743 1781 866 1814 mox
885 1765 936 1812 in
952 1765 1229 1827 Regiminis
1247 1765 1315 1813 sui
1341 1760 1569 1814 exordiO,
1595 1757 1800 1807 fatalem

58 1827 195 1874 dedit
216 1828 493 1891 epilogum.
575 1828 813 1888 Denique
838 1827 911 1875 his
937 1826 1045 1889 ipfis
1062 1829 1113 1874 in
1133 1821 1507 1880 circumstantiis
1523 1856 1536 1876 ,
1564 1815 1704 1883 aeque
1727 1820 1799 1866 in-

58 1886 286 1940 faustam-
300 1890 367 1937 illi
391 1888 611 2001 praesagit
647 1886 1015 1952 Catastrophen
1043 1885 1372 1952 Astrosophia
1404 1887 1645 1938 divinior,
1673 1882 1798 1930 dum

59 1967 308 2001 coronam
331 1968 388 2000 ex
403 1952 529 2001 iiber
552 1951 876 2008 conjunctam
902 1951 1084 2003 Cruci,
1104 1951 1231 2001 volo
1264 1951 1453 2003 dicere,
1476 1962 1671 1996 novum
1699 1946 1797 1994 Re-

95 2030 178 2064 em
198 2031 342 2065 novo
366 2013 614 2066 Pontifici.
681 2014 912 2078 Percipe‚
936 2012 1100 2077 quamc
1148 2029 1218 2063 on
1243 2029 1301 2061 ex
1323 2028 1460 2063 vano
1480 2009 1676 2076 tripode
1696 2007 1800 2056 hoc

101 2090 184 2127 uat
205 2081 491 2143 augurium,
512 2074 782 2143 postquam
804 2077 1082 2127 Mercurius
1102 2029 1232 2126 Hanc
1253 2074 1445 2133 Parisijs
1457 2075 1618 2124 attulit
1644 2087 1802 2135 nuper

64 2143 324 2206 epitomen
343 2141 689 2191 declarationis
704 2174 716 2194 ,
742 2139 769 2188 a
788 2140 1059 2191 Ludovico
1078 2141 1195 2190 XV.
1216 2142 1266 2187 in
1288 2138 1620 2189 Acatholicos
1641 2134 1799 2182 editae.

62 2205 355 2256 Ludovicus
376 2205 490 2253 XV.
511 2202 856 2268 gloriosissima
872 2203 1127 2261 majorum
1148 2199 1345 2266 vestigia
1364 2201 1699 2251 aemulaturus‚
1721 2197 1806 2245 de·

63 2281 197 2316 creta
219 2270 418 2321 omnia,
447 2267 474 2315 ὲ
497 2268 767 2316 Ludovico
796 2268 935 2315 XIV.
960 2266 1186 2329 gloriosae
1215 2267 1504 2315 memoriae‚
1526 2274 1702 2311 contra
1732 2275 1803 2308 re·
1832 2278 1878 2325 7.
1897 2266 2014 2325 Jun.

64 2331 294 2381 formatae
317 2331 594 2394 Religionis
617 2329 836 2380 Affeclas
858 2329 1061 2383 sancita,
1082 2341 1294 2379 renovat
1309 2361 1322 2381 ‚
1349 2326 1635 2379 confirmat,
1655 2337 1804 2385 atque
1870 2342 2008 2388 1724.

66 2393 384 2443 omnimodae
407 2394 688 2442 executioni
711 2394 812 2446 dari
835 2394 1071 2455 imperat,
1094 2390 1382 2457 gravissimis
1400 2391 1561 2455 poenis
1585 2392 1635 2438 in
1654 2400 1804 2435 trans-

65 2455 304 2522 greffores
331 2452 634 2506 constitutisf
666 2456 814 2507 Unde
839 2458 1126 2518 quicunque
1159 2455 1306 2505 aliam
1323 2487 1336 2509 ,
1360 2454 1387 2503 a
1413 2454 1680 2517 Religione
1699 2451 1805 2498 Ro-

67 2518 237 2575 mana,
256 2519 523 2572 Ecclesiam
542 2517 927 2631 profiteretur&
938 2519 1050 2630 listas
1065 2518 1127 2570 ad
1141 2515 1344 2569 transtra
1363 2530 1618 2583 perpetua,
1644 2515 1676 2563 fi
1696 2516 1804 2564 Foe-

305 2611 307 2613 ·
978 2593 1009 2626 2
1605 2594 1742 2629 mina
