2182 2916
1284 14 1317 48 σι

725 89 899 153 Coloffus·
929 91 1148 158 Mysticm.
1354 107 1358 111 ·
1694 106 1765 155 77

65 189 138 240 do
153 221 167 246 ‚
201 197 432 240 mentem
454 202 627 240 meam
650 188 685 239 fi
705 192 841 256 cupis
858 223 870 245 ‚
887 189 950 239 ad
965 189 1206 239 incudem
1223 187 1339 239 alibi
1358 191 1502 240 mitte
1515 188 1829 247 sententiam,

69 257 120 304 δε
146 253 476 302 malleabitur.
562 253 620 303 Id
657 254 756 312 jam
778 253 941 304 dixisse
980 252 1184 303 sufficiat
1205 287 1222 307 ,
1256 253 1430 303 odoris
1453 253 1792 320 phaenomena
1813 288 1827 310 ‚

66 319 216 365 ctiam
239 329 368 365 extra
389 318 672 381 Peripatum
695 351 707 368 ,
744 335 851 367 non
884 314 1079 366 destitui
1099 332 1325 382 congrua
1358 318 1542 381 genesi..
1623 318 1831 370 Moscus

64 380 266 429 Indicus
284 395 393 428 non
414 380 501 428 nisi
530 383 580 428 in
601 382 814 430 Patrocli
835 382 958 429 sellis
978 381 1250 445 pretiosum
1276 381 1417 444 spirat
1440 382 1662 430 odorem
1679 415 1691 436 ‚
1716 397 1831 447 pro-

67 456 177 508 pter
198 443 551 507 antiperistafin
579 462 590 490 z
628 445 813 493 ambrae
845 446 1083 508 particula
1118 478 1135 497 ,
1166 447 1432 508 geminum
1461 442 1672 493 lustrum
1693 479 1706 499 ,
1738 447 1829 493 mi-

65 509 195 555 nutis
213 505 441 571 singulis,
479 504 621 569 sique
639 505 811 571 lingua
835 521 1036 556 utamur
1054 505 1371 572 gnomonica
1387 509 1565 561 ,etiam
1587 508 1828 562 secundis,

65 569 358 634 corpuscula
387 571 794 632 quaquaversum
832 571 1033 635 exspirat
1071 573 1122 618 in
1142 570 1363 619 orbitam
1384 604 1396 625 ,
1433 584 1637 636 propter
1650 571 1831 620 subtili-

62 644 218 681 tatem
257 634 453 696 prorsus
497 632 795 697 stupendam
825 668 841 688 ,
874 650 973 697 qua
1005 631 1229 688 constat,
1262 635 1620 698 corpusculum
1639 635 1830 683 sensibi-

61 696 108 744 le
141 698 349 744 uni-cum
383 700 433 745 in
476 699 727 747 milliones
776 697 1129 746 insenfibilium
1151 699 1396 763 plurimos
1426 698 1470 746 se
1501 697 1551 746 se
1585 698 1824 748 dividere.

59 760 180 808 Hoc
204 761 290 822 qui
321 773 494 824 negat,
520 760 675 808 fidem
691 761 1011 810 Authoribus
1034 761 1246 825 denegat
1269 795 1281 815 ,
1319 777 1416 823 qua
1440 762 1708 810 meliorem
1736 777 1831 810 nec

61 822 200 871 dabit
217 823 314 888 ipse
335 859 349 874 ‚¹
385 840 478 872 nec
502 823 666 872 habet.
737 826 878 874 Audi
901 825 1223 873 Grimaldum
1244 859 1261 879 ‚.
1294 840 1450 888 quem
1471 824 1668 889 insignis
1689 841 1832 890 expe-

61 888 235 934 rientia
256 883 435 935 testem
469 888 586 936 facit
611 921 622 941 ‚
662 890 808 937 omni
839 891 1134 953 exceptione
1171 889 1420 945 majorem
1449 905 1465 940 3·
1499 891 1565 936 ait
1590 889 1671 936 ille
1694 922 1706 942 ‚
1744 891 1836 953 lig--

61 965 191 998 num
224 950 467 1000 Brasilum
505 954 801 1014 neutiquam
835 953 1140 1008 diminutum
1168 986 1184 1006 ⁷
1218 951 1302 1001 etsi
1335 952 1550 1001 extradia
1574 951 1667 1000 sint
1703 951 1831 1000 sexa-

62 1015 161 1077 gies
186 1046 200 1066 ,
236 1016 475 1077 nonagies
495 1048 510 1067 ,
546 1016 809 1077 quinquies
833 1016 1010 1063 millies
1040 1016 1240 1064 millena
1262 1015 1568 1080 corpuscula.
1671 1015 1830 1064 Sabaei

63 1076 330 1124 odoriferis
358 1091 494 1126 terrae
516 1077 748 1126 halitibus
779 1075 1036 1143 stupefacti
1066 1113 1077 1131 ,
1114 1078 1353 1144 sulphuris
1391 1076 1696 1142 hircinaeque
1721 1079 1829 1127 bar-

62 1139 135 1186 bae
164 1139 326 1188 suffitu
346 1140 389 1187 se
413 1154 655 1189 recreant.
693 1143 771 1189 Sic
791 1156 1083 1190 memorant
1095 1144 1386 1191 Menalcam
1402 1175 1418 1192 ,ὶ
1448 1140 1713 1206 fragrantia
1729 1142 1833 1190 bal-1

59 1201 178 1249 sami
195 1236 207 1256 ,
223 1205 227 1210 “
246 1202 433 1267 pafl'um
457 1206 584 1252 olim
608 1204 884 1266 deliquium
903 1239 916 1257 ,
954 1222 1047 1253 nec
1078 1205 1163 1252 nili
1188 1205 1328 1253 suetis
1350 1206 1531 1269 Augize
1554 1208 1792 1254 aromatis
1812 1239 1826 1261 ‚

60 1265 124 1313 ad
148 1265 419 1314 hominem
444 1265 616 1316 denuo
641 1267 849 1323 rediisse,
919 1266 1032 1317 [mo
1060 1284 1157 1315 nec
1174 1270 1318 1317 Veris
1343 1269 1527 1317 deliciae
1543 1303 1555 1323 ‚
1580 1271 1724 1318 omni
1744 1285 1829 1318 na-

57 1328 112 1376 so
133 1328 317 1377 deliciae
340 1349 350 1376 ;
373 1331 494 1393 quid
513 1333 764 1379 amoenius
779 1328 893 1378 rosa
917 1333 933 1378 ἓ·
968 1331 1029 1379 ab
1043 1332 1168 1379 illius
1189 1343 1362 1380 tamen
1375 1332 1540 1381 odore
1560 1333 1627 1383 iic·
1644 1332 1830 1382 abhor-

58 1391 201 1439 ruiffc
225 1392 435 1456 legimus
458 1395 742 1442 Oliverium
764 1393 1016 1442 C'araffam
1033 1427 1045 1446 ,
1072 1408 1126 1442 ut
1147 1396 1290 1442 Veris
1308 1408 1544 1459 tempore
1564 1394 1742 1447 Roma
1762 1397 1827 1445 se-

61 1455 262 1503 cederet
285 1489 298 1509 ,
334 1453 524 1504 armata
545 1454 772 1504 custodia
799 1457 860 1504 ad
883 1459 1128 1506 conclave
1152 1462 1404 1522 purpurati
1424 1462 1659 1525 Principis
1685 1477 1835 1511 excu-⁴

59 1518 211 1566 bantc
232 1551 248 1572 ⁷
282 1521 477 1580 nequis
505 1518 761 1584 hospitum
792 1521 956 1568 rosam
986 1520 1190 1568 Inferret
1212 1557 1223 1571 ‚
1260 1522 1635 1587 ingratillimam
1666 1524 1833 1590 hospi-

57 1586 179 1628 tem.
250 1581 524 1646 Barbarigo
543 1582 736 1631 sensum
757 1616 770 1636 ‚
806 1585 1083 1632 Laurentio
1111 1586 1473 1635 Uratislavienfi
1498 1590 1649 1636 etiam
1670 1590 1829 1637 vitam·

58 1645 238 1708 eripuit
258 1644 483 1693 rosarum
507 1647 644 1694 odor
657 1680 674 1699 ‚»
708 1659 762 1695 ut
785 1650 935 1711 proin
953 1646 1139 1697 merito
1171 1650 1224 1696 in
1243 1649 1445 1698 clibano
1459 1651 1654 1705 ,calidis
1674 1653 1826 1701 etiam

55 1708 286 1771 lacrymis
306 1741 320 1763 ,
337 1709 547 1757 eluerint
565 1722 765 1759 tantum
786 1711 959 1760 scelus.
1027 1711 1084 1761 Id
1106 1711 1242 1760 addo
1264 1710 1287 1768 (
1309 1714 1559 1777 quidquid
1594 1713 1649 1763 sit
1661 1715 1723 1764 de
1743 1732 1828 1764 na—

57 1782 169 1820 tura
192 1774 242 1821 &
264 1771 479 1828 indole)
516 1773 691 1821 odoris
713 1773 914 1836 genesin
938 1790 1047 1823 non
1075 1775 1169 1823 effe
1193 1775 1279 1824 nifi
1305 1792 1362 1825 ex
1391 1777 1609 1826 humido
1625 1811 1637 1833 ,
1673 1781 1738 1827 ita
1760 1791 1828 1828 ta-

55 1850 176 1882 men
200 1847 254 1883 ut
279 1837 563 1899 primariam
586 1835 673 1884 sibi
696 1838 851 1885 filiam
877 1838 1134 1886 vindicent
1154 1839 1294 1886 calor
1315 1844 1362 1889 ὅ(
1383 1839 1569 1890 siccitas
1587 1875 1600 1894 ⁷
1637 1844 1722 1905 qui
1740 1842 1830 1891 hu-

56 1898 205 1946 mido·
245 1898 678 1962 praedominantur
703 1918 716 1946 τ·
750 1899 871 1947 hinc
900 1901 969 1949 illi
998 1934 1013 1954 ,ι
1049 1901 1228 1962 quibus
1262 1915 1722 1967 temperamentum
1746 1904 1829 1954 s1c-

57 1975 176 2009 cum
199 1964 249 2011 &
267 1963 475 2026 igneum
503 1998 519 2012 ,
555 1965 705 2011 etiam
730 1965 779 2010 in
806 1979 1024 2027 corpore
1050 1965 1250 2012 felicem
1273 1981 1380 2013 non
1398 1983 1662 2030 nunquam
1684 1968 1824 2017 alunt

56 2024 303 2073 Arabiam
328 2043 338 2072 :
376 2022 507 2073 testis
531 2024 600 2073 est
622 2023 801 2075 statura
827 2042 1007 2090 parvus·
1030 2060 1045 2080 ‚
1077 2026 1160 2074 sed
1180 2044 1388 2092 magnus
1409 2030 1489 2078 ille
1508 2033 1690 2079 virtute
1713 2034 1827 2081 Ma·
1858 2027 1980 2078 Plut.

57 2086 189 2134 cedo
211 2120 226 2141 ⁷
261 2089 396 2144 cujus
420 2105 603 2153 corpus
626 2105 827 2138 merum
858 2090 1120 2154 spiraverat
1151 2092 1566 2147 cinnamomum,
1597 2107 1651 2143 ut
1685 2097 1733 2146 ὅς
1755 2095 1828 2145 su-

58 2149 155 2197 dor
172 2182 184 2203 ‚
222 2152 272 2200 6<
294 2149 435 2199 vestis
461 2155 669 2202 interior
688 2187 704 2206 ,-
735 2153 1055 2217 fragrantiam
1075 2155 1327 2203 medicam
1363 2159 1634 2205 retinerent
1664 2176 1673 2206 :
1712 2158 1822 2209 imo

58 2213 294 2260 etiamab
315 2217 522 2278 exangui
547 2217 789 2265 cadavere
810 2250 822 2269 2
860 2216 994 2264 diem
1019 2217 1285 2280 septimum
1311 2221 1611 2285 incorrupto
1637 2255 1650 2275 ‚
1685 2233 1822 2272 tanta

57 2271 254 2323 stillavit
273 2275 609 2327 suaveolentia
632 2312 645 2333 ‚
683 2293 736 2328 ut
755 2281 957 2330 DEUM
974 2276 1119 2329 facile
1132 2282 1408 2330 credidiss'et
1423 2284 1732 2347 Antiquitas,
1748 2289 1817 2335 ni-

54 2337 89 2386 fi
109 2341 258 2386 toties
283 2339 375 2386 sese
396 2340 667 2391 hominem
687 2340 1081 2392 demonstrasset.
1138 2344 1276 2394 Nihil
1303 2346 1438 2395 addo
1460 2347 1523 2395 de
1536 2364 1819 2413 corporum

54 2401 415 2451 damnatorum
437 2404 623 2454 foetore
636 2439 649 2460 ‚
676 2406 738 2455 de
761 2408 1038 2456 Beatorum
1053 2408 1344 2470 fragrantia:
1380 2426 1489 2459 non
1504 2414 1639 2459 enim
1655 2412 1716 2460 ad
1734 2429 1818 2460 na-

52 2476 217 2536 turam
238 2497 251 2517 ,
288 2480 395 2537 quae
415 2467 554 2532 supra
574 2482 825 2519 naturam,
874 2472 1069 2521 Scimus
1091 2473 1389 2523 Simeonem
1404 2471 1615 2539 stylitem
1631 2509 1644 2529 ,
1668 2475 1815 2537 quod

53 2543 196 2581 vivus
219 2529 555 2585 Seminarium
587 2536 844 2590 vermium
876 2553 889 2584 τ
922 2547 1158 2650 {onnus
1191 2535 1453 2592 officinam
1479 2540 1816 2589 aromaticam.

534 2629 537 2632 <
1025 2611 1049 2658 3
1575 2617 1751 2669 reprae·

1859 1556 2044 1604 Cramer.
