2160 2916
635 89 773 157 Scylla·
801 84 936 159 atque'
951 89 1196 157 Charybdis!
1526 114 1529 120 ·
1638 102 1733 154 ¹0?
1780 84 1788 87 ’

39 183 256 238 labatur:
292 184 416 251 quid
437 182 560 251 ergo
587 189 776 237 mirum
797 221 811 243 ‚
846 185 992 252 quod
1013 203 1121 237 non
1139 183 1229 236 nis1
1247 184 1433 237 ultimae
1455 183 1671 251 syllabae,
1690 203 1796 238 ma-

37 250 179 314 ligno
207 251 316 300 fato
339 250 626 316 superstites,
647 252 852 300 redeant
878 251 942 300 ad
963 250 1261 315 Authorem
1282 252 1298 299 ἒ
1328 249 1456 299 adde
1472 246 1643 312 ‚quod
1661 253 1796 316 prio-

36 328 113 361 res
140 313 342 378 syllabas
370 313 570 362 turbare
588 311 779 362 soleant
795 311 1122 379 posteriores,
1157 309 1393 377 adeoque
1412 312 1663 377 expeditus
1685 329 1799 363 non

35 375 124 424 nisi
146 377 328 426 ultimis
350 388 515 440 pateat
536 376 770 441 regressus
791 410 805 431 ‚
841 393 951 440 quae
972 379 1120 441 proin
1144 377 1189 425 se
1207 376 1316 441 ipsis
1340 377 1556 432 juniores
1571 376 1678 430 ‚sed
1691 391 1795 425 ma-

70 437 109 486 is
137 439 298 495 fraCtae
322 471 336 493 ‚
370 452 496 488 nota
513 439 660 504 spatia
680 441 780 488 rele
818 453 936 494 unt,
960 444 1009 489 ὅ(
1038 440 1136 497 jam
1167 439 1505 488 semimortuae
1527 439 1724 488 auribus
1742 440 1798 487 il-

55 502 269 551 abuntur
294 535 307 556 ‚
342 503 496 552 veluti
517 504 568 550 in
589 502 788 551 cunabu
808 505 846 550 is
869 503 1128 552 tumulum
1158 502 1425 565 quaesiturae
1446 534 1459 556 ‚
1495 500 1613 550 cum
1635 502 1794 566 pudu-

31 563 136 616 iffct
156 576 290 614 extra
314 567 524 629 patriam
547 565 748 629 sepeliri.

189 629 387 680 LEUC:
457 629 525 679 Ut
542 629 664 691 quid
692 630 838 693 igitur
862 627 1005 677 Echo
1029 661 1044 682 ‚
1079 626 1214 691 quasi
1241 627 1333 677 suae
1361 626 1566 692 ipsamet
1598 628 1794 692 pertaesa

32 688 248 756 perfidiae
278 724 291 745 ‚
326 691 468 740 subin
487 693 710 754 integros
730 691 892 740 reddit
910 692 1062 740 sonos
1078 691 1245 745 ‚subin
1270 693 1441 740 tetrica
1464 690 1684 741 omnino
1699 688 1794 740 stu-

31 766 119 819 pet
142 757 192 804 &
215 753 547 803 obmutescit?
582 767 705 802 nota
726 754 836 803 sunt
856 757 1054 804 moenia
1078 754 1295 803 Cadurci
1317 787 1330 808 ‚
1367 755 1428 802 ad
1458 754 1675 802 fluminis
1701 755 1792 804 Ol-

31 816 104 865 thi
130 819 318 881 ripam,
353 819 405 866 in
424 817 603 880 quibus
624 816 767 866 Echo
793 851 806 873 ‚
843 818 1022 865 urbem
1051 817 1166 865 alias
1189 817 1332 865 exosa
1355 849 1368 870 ‚
1405 829 1580 881 praeter
1605 830 1793 867 natura:

31 879 262 929 indolem
283 913 297 934 ‚
334 893 439 928 tam
468 882 694 944 pervium
717 880 806 928 fibi
832 880 1012 929 solium
1036 883 1185 928 erexit
1201 892 1282 934 ‚ut
1307 880 1370 929 ad
1387 876 1655 936 Maiestatis
1677 885 1821 944 pros

33 942 230 1006 digiosae
262 943 545 1005 alloquium
578 945 840 991 neminem
873 957 983 992 non
1011 944 1257 992 admittat.
1358 944 1675 1006 Neutiquam
1705 942 1790 992 hic

32 1005 311 1054 balbutiens
330 1039 345 1060 ‚
380 1006 660 1054 dimidiatas
685 1006 894 1069 deglutit
924 1022 1078 1054 voces
1106 1039 1121 1060 ‚
1155 1006 1238 1054 sed
1274 1005 1427 1070 pleno
1461 1021 1552 1055 ore
1574 1039 1587 1060 ‚
1613 1006 1788 1055 reddit

32 1065 253 1117 omnino
273 1070 484 1132 integras
498 1101 510 1121 ‚
530 1072 580 1119 ὃς
603 1069 834 1117 clariores
855 1069 1063 1131 quidem
1079 1102 1092 1122 ,
1121 1065 1400 1133 magisque,
1427 1068 1583 1131 quam
1601 1068 1699 1133 ipsa
1716 1085 1789 1118 re-

26 1143 257 1195 ceperat,
280 1132 573 1180 articulatas.
654 1128 772 1180 Into
805 1131 1044 1195 periodos
1074 1134 1317 1195 integras,
1354 1131 1558 1180 Muficae
1588 1132 1791 1195 longio-

28 1209 104 1242 res
132 1207 409 1243 concentus
440 1195 629 1242 eodem
659 1194 838 1242 ordine
867 1196 1059 1258 repetit,
1081 1207 1135 1243 ut
1157 1210 1221 1242 ne
1244 1196 1445 1243 unicam
1470 1194 1679 1257 quidem
1703 1196 1792 1258 syl-

27 1256 197 1305 labam
229 1256 500 1306 haesitando
532 1269 836 1320 corrumpat.
914 1259 1070 1303 MEL:
1147 1258 1364 1307 Nullum
1402 1256 1504 1305 hoc
1525 1259 1576 1304 in
1596 1260 1789 1322 punsto

26 1316 346 1384 mysterium:
389 1319 649 1384 perfefflus
677 1319 943 1384 respondet
972 1319 1143 1373 Echo,
1173 1319 1294 1368 cum
1325 1321 1375 1368 in
1400 1319 1791 1387 phonocampti-

28 1397 95 1430 co
124 1397 215 1431 cor
252 1397 369 1437 ore,
402 1381 580 1431 melius
608 1381 1002 1446 correspondent
1034 1381 1272 1445 requifitae
1295 1381 1510 1446 superius
1540 1384 1793 1434 conditio-

26 1459 132 1495 nes.
235 1460 293 1494 ac
314 1447 449 1493 enim
469 1443 626 1492 adfint
655 1446 706 1491 in
722 1445 880 1508 gradu
908 1445 1156 1493 mediocri
1183 1480 1195 1496 ,
1220 1446 1459 1508 loquetur
1480 1445 1623 1495 Echo
1649 1479 1663 1501 ‚
1706 1447 1809 1517 se·

26 1507 248 1561 morosa,
272 1523 367 1556 nec
385 1506 473 1555 nifi
495 1506 750 1555 dimidiata
769 1506 1046 1556 verborum
1069 1507 1243 1556 funera
1257 1541 1270 1563 ‚
1305 1508 1486 1556 referet
1503 1509 1565 1557 ad
1588 1526 1786 1560 aurem:

26 1568 173 1634 quod
193 1570 227 1618 fi
256 1571 308 1618 in
337 1569 494 1634 gradu
523 1569 748 1634 perfe&o
771 1568 917 1619 fimul
935 1583 1241 1619 concurrant
1259 1603 1272 1624 ‚
1309 1570 1409 1619 sine
1433 1586 1523 1619 ore
1558 1574 1657 1621 oris
1681 1576 1788 1623 vin-

25 1646 107 1682 cet
127 1633 365 1682 miracula
385 1665 397 1687 ,
433 1633 672 1695 loquetur
694 1633 918 1698 expedita
941 1667 955 1687 ‚
990 1629 1140 1697 sesque
1162 1634 1241 1682 vel
1263 1649 1320 1682 ex
1334 1634 1519 1683 ultimis
1538 1636 1755 1698 verbulis
1769 1671 1784 1692 ,

25 1695 261 1762 probabit
281 1694 582 1760 Nympham
597 1728 609 1749 ‚
631 1695 735 1744 hoc
759 1692 828 1744 est
844 1696 1135 1761 litigiosam,
1177 1712 1286 1759 quae
1319 1713 1581 1760 nunquam
1603 1700 1787 1749 tacebit

24 1761 220 1824 prima:
290 1759 506 1807 arrulam
539 1791 553 1812 ‚
589 1773 698 1821 quae
730 1759 891 1807 multa
921 1759 984 1808 ad
1019 1760 1243 1808 linouam
1275 1793 1289 1813 ‚
1324 1760 1446 1808 nihil
1480 1761 1544 1809 ad
1574 1761 1785 1812 limam:

25 1824 247 1886 improvi
286 1837 369 1870 am
391 1854 405 1876 ‚
443 1836 552 1884 quae
584 1821 830 1883 quidquid
853 1823 988 1872 venit
1018 1827 1069 1870 'm
1090 1798 1313 1871 ‘buccam
1336 1858 1350 1874 ‚
1387 1823 1488 1871 fine
1518 1837 1691 1872 mente
1716 1825 1786 1874 ef-

26 1885 158 1939 futit,
175 1880 354 1947 nihilq3
378 1883 682 1933 considerat:
721 1884 881 1933 verbo
901 1885 1189 1937 foeminam,
1206 1885 1269 1932 ad
1296 1886 1432 1942 cujus
1457 1901 1620 1949 gerras
1644 1900 1698 1936 tu
1719 1890 1785 1936 ci-

23 1947 120 1996 tius
146 1947 427 2000 audiendo,
452 1945 610 2009 quam
631 1946 713 1995 illa
737 1947 1003 2008 loquendo
1039 1946 1402 2009 defatigabitur.
1490 1948 1781 1999 Confirmat

28 2010 575 2074 muliebremgenium
608 2042 620 2063 ,
655 2011 707 2057 in
739 2009 1059 2066 observantiis
1092 2009 1183 2057 suis
1213 2007 1535 2073 luperstitiosa
1571 2013 1781 2076 religio:

28 2075 176 2121 unica
197 2072 231 2121 fi
251 2071 370 2121 defit
391 2072 652 2125 conditio,
684 2069 931 2121 obstinata
954 2084 1084 2120 tacet
1115 2104 1128 2124 ‚
1163 2084 1218 2120 ut
1250 2088 1307 2120 ex
1325 2073 1608 2137 Pythagora
1639 2075 1781 2125 citius

29 2135 240 2198 satyram
261 2168 274 2189 ,
309 2134 465 2198 quam
494 2135 556 2184 ab
587 2135 668 2183 illa
687 2135 956 2184 verbulum
983 2152 993 2181 :
1031 2134 1148 2183 hinc
1181 2135 1214 2184 si
1244 2135 1501 2191 objectum
1535 2136 1742 2202 asperius
1765 2172 1780 2194 ‚

29 2200 112 2247 vel
136 2198 286 2253 etiam
307 2198 536 2250 molliu83
570 2197 604 2246 fi
627 2197 837 2247 hiatibus
861 2197 1082 2245 abundet
1107 2231 1120 2251 ‚
1156 2197 1336 2247 sonum
1358 2215 1465 2247 non
1485 2201 1780 2263 repetit‚sed

29 2259 258 2323 dispergit
283 2277 294 2306 z
330 2257 440 2309 imo
465 2259 498 2308 si
519 2261 620 2309 loci
652 2260 998 2309 commoditas
1020 2259 1165 2309 ccffet
1186 2295 1199 2316 ‚
1234 2261 1380 2310 cessat
1400 2264 1450 2312 ὅ(
1473 2263 1570 2325 ipla
1592 2296 1605 2317 ‚
1650 2268 1781 2314 acin

0 2373 3 2380 f
28 2323 270 2389 speluncis
292 2324 460 2371 vivere
482 2323 676 2372 mavult
697 2324 881 2372 deserta
895 2356 907 2377 ‚
924 2321 1077 2385 quam
1096 2326 1145 2375 in
1164 2323 1374 2381 aedificijs
1396 2327 1562 2374 crectis
1583 2328 1782 2376 incom-

30 2385 205 2434 moda.
317 2385 445 2441 Illud
479 2386 673 2450 prorsus
707 2387 1047 2438 foemineum,
1105 2387 1247 2450 quod
1278 2384 1566 2436 constanter
1603 2391 1783 2439 incon-

0 2475 3 2494 l
32 2445 178 2499 stans,
199 2443 390 2510 sibique
420 2447 613 2513 semper
634 2448 889 2498 dissimilis:
926 2461 1148 2499 mutatur
1165 2450 1227 2499 ad
1249 2449 1443 2505 locum,
1464 2467 1584 2500 nam
1607 2453 1659 2500 in
1680 2449 1774 2500 isto

0 2528 2 2531 ·
32 2511 230 2561 mutilat
256 2525 408 2562 voces
435 2543 450 2567 ,
485 2513 538 2562 in
560 2512 649 2563 illo
669 2513 967 2626 multipgcat
991 2530 1001 2560 :
1039 2515 1252 2566 variatur
1271 2513 1334 2564 ad
1354 2521 1586 2626 t'empog}
1605 2549 1617 2566 ‚
1653 2530 1774 2565 nam

936 2588 964 2621 2
1484 2593 1518 2627 o
1576 2592 1710 2628 erva-
