2160 2916
615 111 749 174 scylla
779 120 909 180 atque
941 108 1183 175 Charybdtk.
1659 129 1719 177 95

50 214 121 262 do
146 207 402 260 t‘conehae
430 205 645 273 figuram
665 205 843 262 refert,
867 217 923 256 ut
943 205 1059 256 scias
1082 237 1098 261 ‚
1123 206 1380 272 pretiosius
1408 208 1669 274 quidpiam
1693 211 1800 261 lati-

51 289 156 325 tare
177 274 265 324 sub
285 272 394 322 vili:
429 269 622 336 semper
639 283 806 336 aperta
820 303 835 324 ‚
859 282 914 319 ut
932 282 1045 335 agat
1065 270 1319 324 excubias3
1343 272 1726 338 hemisphaerica,
1747 286 1804 324 ut

46 337 200 389 sonos
221 336 441 399 colligat,
454 348 585 397 quos
603 333 1004 397 hemisphaerium
1026 331 1267 398 dispergit.
1305 335 1446 403 Qid
1467 336 1530 384 de
1552 339 1803 400 quaternis

49 399 297 450 meatibus
320 399 513 448 dicam?
548 398 736 461 primus
761 395 983 445 flexuoso
1001 394 1108 446 sinu
1125 398 1349 461 refringit
1368 400 1492 447 aeris
1524 401 1806 464 impetum,

48 479 115 514 ne
141 458 489 513 vehementius
509 461 684 508 irruat:
720 459 887 509 sordes
907 460 1062 508 nutrit
1080 492 1095 514 ‚
1128 459 1212 509 sed
1240 474 1354 510 non
1372 461 1459 510 nisi
1494 460 1648 526 gratia
1678 464 1808 528 puri-

47 527 158 576 tatis
179 541 191 573 :
227 539 349 573 nam
366 522 510 573 fovet
527 524 759 574 internas,
782 532 837 570 ut
859 521 1131 571 viscositate
1152 522 1233 572 sua
1247 536 1469 572 externas
1484 525 1801 588 prohibeant.

47 590 325 641 For-amen,
349 587 430 635 cui
451 588 550 631 Oris
564 584 722 644 petrosi
739 599 957 638 nomen,
988 583 1053 632 sic
1076 599 1305 635 meatum
1331 585 1467 635 hunc
1495 587 1681 637 claudit
1703 622 1716 643 ,
1752 601 1810 638 ut

47 663 221 700 tamen
239 646 399 713 magis
417 641 678 711 magisque
696 646 962 711 aperiat‚ad
983 647 1135 709 usque
1155 660 1399 708 tympanum
1413 671 1429 703 ;
1455 651 1808 700 membranam

46 713 273 777 intelligo
289 745 302 766 ,
331 715 384 760 in
396 726 494 773 qua
513 709 765 759 subsiliunt
786 725 938 758 voces
953 740 966 763 ‚
986 709 1066 759 sed
1089 709 1190 758 fine
1209 708 1408 776 strepitu
1428 745 1441 766 ‚
1477 716 1526 763 ὅ(
1540 726 1807 778 tympano-

46 775 231 826 tribam
259 785 436 839 agente
457 775 676 837 impetn,
705 784 942 837 gyrantur
969 774 1021 821 in
1038 773 1310 828 turbinem,
1331 775 1412 824 sed
1431 774 1532 823 fine
1555 777 1810 825 confusio-

46 854 130 889 ne.
197 837 251 887 A
271 849 417 901 tergo
439 834 473 884 fi
494 847 794 900 tympanum
811 835 992 901 spedtes
1012 866 1026 891 ,
1057 839 1212 901 aperit
1244 837 1503 902 spelaeum,
1534 839 1678 901 quod
1710 838 1808 888 effe

49 901 389 965 Cyclopicum
414 931 427 954 ‚
462 901 628 962 primo
650 900 834 947 intuitu
853 929 868 952 ‚
903 897 1113 947 diceres:
1149 915 1270 949 nam
1300 897 1437 949 adest
1456 902 1664 951 malleus
1684 917 1806 952 cum

48 963 233 1012 incude
247 965 295 1012 &
309 959 507 1026 stapede
526 960 648 1017 (tria
672 959 874 1009 officula
896 962 1005 1011 sunt
1022 974 1268 1027 tympano
1288 962 1510 1021 annexa)
1530 980 1639 1027 quae
1653 980 1806 1015 voca-

48 1026 155 1074 lem
175 1028 346 1074 aercm
372 1025 591 1073 tundunt
610 1060 622 1075 ‚
661 1037 808 1086 atque
830 1025 1129 1079 retundunt,
1152 1041 1247 1074 nec
1265 1038 1436 1075 tamen
1460 1027 1800 1077 confundunt.

47 1088 208 1138 Subin
227 1086 320 1135 sese
350 1089 504 1151 aperit
532 1086 842 1146 Labyrinthus,
870 1089 920 1134 in
947 1102 1053 1149 quo
1081 1100 1182 1136 tam
1204 1089 1452 1137 mirabiles
1464 1088 1734 1144 an'fraCtus,
1751 1102 1805 1139 ut

47 1149 284 1200 Ariadnae
309 1148 452 1197 filum
474 1149 571 1213 ipse
592 1147 807 1197 Theseus
828 1162 1042 1213 peteret:
1075 1163 1169 1199 tres
1194 1148 1436 1216 praecipue
1454 1152 1673 1202 visuntur
1686 1169 1808 1203 con-

47 1212 180 1266 chae,
203 1215 316 1261 ae're
344 1213 528 1276 plenae,
563 1227 672 1273 quae
706 1212 842 1261 velut
874 1228 963 1277 per
982 1212 1111 1261 tubae
1135 1214 1277 1279 spiras
1299 1215 1450 1264 sonos
1470 1228 1623 1279 agunt
1644 1218 1696 1264 in
1718 1219 1807 1264 cir„

47 1275 224 1322 culum
240 1307 253 1327 ‚
274 1271 443 1336 sicque
473 1276 741 1339 recipiunt,
769 1288 825 1323 ut
850 1287 1079 1339 receptos
1101 1276 1302 1326 ulterius
1317 1290 1610 1342 propagent.
1678 1280 1805 1328 Pan-

46 1338 123 1385 dit
143 1337 190 1385 se
215 1337 431 1399 denique
449 1351 642 1385 meatus
663 1369 677 1391 ‚
711 1350 927 1385 retortus
948 1340 999 1384 in
1019 1338 1284 1387 cochleam
1301 1373 1312 1393 ‚
1328 1355 1481 1401 quem
1506 1339 1623 1390 ideo
1639 1374 1650 1394 ,
1666 1357 1802 1395 reor,

44 1398 243 1457 fhramen
264 1415 412 1444 coecum
430 1398 678 1463 appellant
697 1432 710 1452 ‚
747 1398 889 1461 quod
903 1415 1011 1447 non
1029 1402 1249 1450 inveniat
1264 1405 1473 1450 exitum:
1496 1406 1679 1452 namin
1692 1420 1801 1453 ner-

51 1477 177 1510 vum
195 1461 465 1510 sensorinm
496 1460 668 1509 definit
688 1494 701 1514 ,
736 1464 788 1509 in
819 1477 925 1524 quo
955 1461 1059 1510 fieri
1101 1464 1416 1514 auditionem
1444 1464 1612 1515 suadet
1640 1468 1796 1522 ratio,

46 1525 346 1574 Anatomici
364 1523 608 1580 judicant,
637 1525 945 1588 Peripatetici
966 1525 1288 1577 confirmant.

204 1587 370 1635 MEL:
408 1587 560 1636 Oculi
581 1586 822 1637 fabricam
840 1584 1063 1644 ostendi,-
1086 1590 1167 1638 sed
1188 1592 1410 1642 necdum
1430 1595 1479 1642 in
1493 1593 1678 1644 fabrica
1696 1594 1798 1644 cul·

49 1663 174 1698 men
192 1648 510 1713 perfeetionis
534 1668 545 1697 :-
581 1665 691 1712 quae
711 1651 852 1699 attuli
873 1679 885 1705 ‚-
908 1651 1239 1703 fundamenta
1262 1656 1371 1704 sunt
1392 1656 1558 1721 potius
1572 1688 1587 1712 ‚
1615 1656 1796 1720 quibus

48 1711 172 1760 nihil
201 1726 310 1760 non
336 1712 647 1776 paradoxum
673 1710 1008 1777 superinstruit
1023 1717 1234 1765 Natura.
1333 1720 1415 1768 De
1439 1721 1573 1769 oculi
1593 1720 1797 1778 objecto
1951 1778 1953 1780 ,

46 1774 171 1836 quid
188 1774 384 1823 dicam?
419 1774 650 1823 dictmtur
668 1788 772 1824 tam
799 1778 958 1825 multa
977 1807 989 1830 ‚
1004 1791 1108 1827 tarn
1132 1782 1277 1831 varia,
1293 1793 1365 1835 ut,
1387 1783 1506 1846 quid
1528 1783 1711 1837 dicam,
1728 1785 1795 1848 ig·
1833 1763 1951 1814 ΖΛΜ*

47 1852 233 1885 norem
261 1854 271 1884 :
306 1852 371 1886 ne
393 1850 563 1886 tamen
582 1837 752 1897 filcntij
776 1840 988 1889 tenebris
1017 1843 1280 1897 involvam
1303 1843 1404 1893 hoc
1423 1845 1604 1894 Phoebi
1625 1846 1765 1904 jubar
1783 1879 1800 1902 ‚

50 1899 217 1948 dicam
236 1915 394 1964 pauca
413 1935 427 1950 ,
464 1900 545 1948 sed
563 1916 671 1950 non
717 1917 777 1950 ro
796 1902 915 1951 foro
936 1935 951 1957 ‚
986 1916 1038 1953 ut
1057 1906 1416 1955 contentiosius
1429 1908 1536 1956 lites
1549 1908 1798 1963 decidam,

48 1960 132 2010 sed
149 1977 245 2026 pro
265 1963 532 2026 colloquio
547 1996 560 2017 ,
582 1975 636 2012 ut
694 1964 902 2014 e'litibus
921 1977 969 2013 te
996 1966 1058 2014 ad
1080 1966 1344 2017 discursum
1366 1970 1608 2030 erudiam.
1677 1972 1797 2023 Uni-

49 2023 172 2072 sona
181 2024 478 2089 Sophorum
491 2029 729 2076 omnium
753 2043 854 2077 vox
876 2024 969 2076 est:
995 2028 1250 2085 obJestum
1263 2028 1520 2082 ocuIiLux
1540 2030 1609 2081 est
1628 2035 1675 2084 <Sc
1689 2035 1799 2097 Co-

48 2084 149 2134 lor.
219 2087 318 2136 Sed
343 2088 477 2142 audi,
491 2091 542 2138 in
608 2106 724 2139 uam
748 2089 968 2140 dissonos
986 2092 1231 2141 clamores
1255 2092 1359 2142 haec
1379 2095 1585 2145 tandem
1608 2095 1794 2147 definat

51 2147 333 2199 harmonia.
407 2152 513 2222 Qi
537 2168 565 2200 a
621 2150 901 2201 Aristotelis
931 2166 1181 2218 organum
1215 2157 1543 2207 modulantur
1562 2160 1793 2213 ‚Lucem

50 2211 308 2274 qualitatem
338 2213 432 2263 effe
498 2217 820 2270 ronuntiant,
852 2216 878 2261 ὰ
900 2228 1069 2277 corpore
1098 2218 1294 2277 lumt'nojb
1319 2222 1583 2280 produs‘tam.
1667 2224 1790 2273 Pau-

56 2288 115 2322 ca
147 2273 300 2323 verba
320 2309 337 2326 ,
372 2274 600 2339 myteria
643 2279 883 2342 pluri-ma,
915 2295 1024 2342 quae
1059 2280 1169 2328 luce
1197 2282 1423 2346 indigent
1442 2316 1455 2337 ,
1486 2296 1539 2333 ut
1554 2297 1786 2335 naturam

53 2336 177 2385 lucis
194 2371 210 2388 ,
239 2334 404 2402 magis
430 2336 684 2388 illustrent.
774 2343 969 2400 Qalitas
992 2339 1087 2396 est,
1118 2357 1228 2406 quae
1244 2341 1517 2397 substantia:
1544 2344 1690 2397 instar
1711 2365 1787 2397 re·-

47 2398 294 2449 flectitur:
345 2399 532 2457 abeluta
552 2436 564 2456 ,
632 2419 710 2452 ‘uae
735 2416 816 2453 tot
842 2404 984 2462 radiis
1020 2407 1073 2453 in
1110 2407 1350 2471 pupillam
1383 2409 1784 2465 confluentibus,

47 2476 161 2512 non
187 2463 479 2513 intenditur:
522 2418 760 2526 perzffliva
794 2465 861 2515 est
881 2501 895 2522 ‚
931 2482 1039 2530 quae
1068 2480 1240 2518 tamen
1274 2486 1381 2519 non
1410 2485 1635 2536 penetrat
1663 2489 1783 2537 opa-

49 2539 124 2576 ca.
220 2527 420 2588 Qum
448 2524 545 2590 cst,
582 2544 692 2597 quae
714 2530 948 2586 transiens
974 2545 1061 2597 per
1088 2531 1229 2597 plura
1256 2534 1426 2588 media
1446 2568 1462 2593 2
1487 2551 1546 2649 ἑτι
1572 2537 1675 2605 ipso
1708 2551 1786 2585 re-

1532 2611 1714 2662 ingxtut
