2222 2905
102 2310 318 2364 Voluntas·

397 78 456 135 58
1001 71 1199 121 Hamma
1233 69 1498 121 Promethei.

333 167 554 222 Umbrae.
591 165 685 216 Per
710 162 866 215 libros
886 162 1045 230 elapsa
1060 176 1296 230 tempora
1316 173 1634 217 revocamus,
1648 163 1698 216 ὃς
1719 160 1981 221 Maiorum
2000 165 2088 218 he.

332 234 502 284 roicos
532 229 672 279 ausus
700 229 754 277 in
773 227 989 278 absentia
1010 227 1321 277 admiramur
1346 225 1620 292 praesentes.
1732 227 1861 292 Qae
1890 244 2093 281 memo-

335 297 461 345 riam
481 294 706 357 fugiunt,
728 288 755 342 ὲ
775 291 894 356 fuga
916 289 1262 356 ephemerides
1278 289 1569 345 retrahunt,
1589 292 1640 341 ὃ(
1657 287 1834 340 frustra
1853 291 1956 348 jam
1977 305 2098 343 atte-

334 361 395 408 rit
417 368 555 410 aetas,
581 370 691 419 quae
712 355 866 421 ipsam
889 356 1031 404 atteri
1055 369 1166 402 non
1189 353 1353 403 linunt
1380 365 1596 403 aetatem.
1696 353 1754 403 Id
1784 366 1958 404 tamen
1988 358 2095 406 uni-

330 436 455 470 cum
475 418 629 473 addo,
646 418 775 469 hanc
793 418 973 483 ingenii
993 417 1211 480 gloriam
1226 449 1240 472 ,
1261 415 1349 465 nisi
1370 417 1552 466 virtute
1565 450 1579 471 ,
1598 416 1755 466 veluti
1778 416 1971 467 lumine
1988 419 2098 484 glo-

332 487 410 534 riae
427 517 440 538 ,
464 483 686 532 elevetur
702 514 714 536 ‚
735 483 962 535 vanitatis
980 482 1131 530 fumo
1151 480 1264 528 fore
1283 479 1564 529 obnoxiam
1577 512 1590 533 ,
1613 482 1664 531 <Sc
1695 496 1960 544 nunquam
1990 498 2098 532 ma-

333 545 408 611 gis
447 546 719 595 mortalem
735 578 746 599 ,
774 543 928 608 quam
959 542 1078 593 cum
1118 545 1329 613 inaniter
1365 543 1607 608 gloriatur
1646 543 1692 591 se
1731 544 2099 593 immortalem.

336 609 494 660 Sensit
522 608 625 657 hoc
650 607 977 672 Chryiippus,
1002 608 1089 670 qui
1109 606 1439 671 septuaginta3
1480 603 1821 661 Aristarchus,
1842 610 1927 670 qui
1960 609 2102 658 mille

336 673 740 723 commentarios
766 672 981 719 exaravit
997 704 1010 725 ,
1033 685 1162 732 quos
1187 685 1367 718 omnes
1389 668 1654 734 absumpsit
1672 669 1878 718 flamma
1893 704 1906 725 ‚
1932 684 1988 719 ut
2012 672 2100 720 sal·-

335 749 442 784 tem
468 731 697 784 illustrius
722 736 952 799 perirent.
1021 732 1178 782 Sentit
1201 732 1473 797 Dionysius
1490 766 1503 787 ,
1527 734 1578 781 in
1606 735 1969 798 grammaticali
2002 736 2104 784 Re-

334 799 534 865 publica
556 799 790 846 emeritus
819 797 1015 846 dudum
1034 798 1268 846 Patricius
1284 832 1297 848 ‚
1324 811 1480 859 quem
1510 796 1638 845 ultra
1662 797 1753 844 tria
1784 797 1939 845 millia
1961 800 2104 860 quin-

333 874 514 929 gentos
529 878 542 915 3
578 857 919 926 Trismegistus
930 859 1104 914 Sudra,
1119 875 1276 923 quem
1297 859 1438 925 supra
1450 861 1753 923 quingentos
1768 861 1940 923 viginti
1960 862 2104 923 quin-

337 941 439 989 que
457 959 469 980 ,
492 923 568 974 sex
593 927 642 975 δε
666 926 868 989 triginta
895 924 1146 973 librorum
1177 923 1356 975 millia,
1378 939 1535 971 manu
1578 924 1759 987 *ropria
1791 920 2000 972 exarasse
2033 924 2103 972 fc-

337 1001 482 1043 runt,
508 1003 732 1052 quorum
762 990 1000 1036 omnium
1024 1003 1087 1036 ne
1112 986 1320 1049 quidem
1339 988 1500 1035 littera
1531 1002 1556 1033 e
1579 985 1599 1033 t
1621 982 1871 1049 superstes
1949 986 2106 1040 Sensit

339 1049 815 1116 Constantinopolis
839 1069 859 1105 ,·
880 1051 1016 1107 cujus
1052 1049 1366 1099 Bibliotheca
1401 1051 1575 1113 viginti
1604 1049 1853 1097 librorum
1884 1049 2105 1100 millibus

338 1115 571 1170 celebris,
602 1114 700 1162 una
721 1130 841 1162 cum
861 1115 1111 1163 Draconis
1139 1113 1432 1178 ilio,viginti
1451 1112 1602 1177 pedes
1626 1113 1812 1175 longo,
1839 1115 1889 1162 δε
1908 1114 2106 1162 Home-

338 1181 378 1229 ri
401 1178 578 1232 Iliade,
600 1179 757 1226 aureis
777 1178 947 1225 litteris
970 1173 1180 1229 exarata,
1203 1192 1309 1224 uno
1336 1175 1575 1224 incendio
1598 1172 1766 1239 periit,
1792 1176 1871 1224 vel
1899 1177 2003 1240 ipso
2032 1177 2107 1225 fu-

337 1257 431 1292 mo
464 1237 831 1295 demonstrans,
845 1239 1000 1303 quam
1018 1239 1214 1288 inutiles
1238 1238 1329 1287 sint
1346 1240 1639 1289 Hominum
1664 1254 1811 1292 curae,
1835 1237 2109 1300 quantum-

340 1320 440 1368 que
463 1304 521 1353 fit
540 1307 592 1353 in
616 1304 761 1352 rebus
785 1306 948 1352 inane.
1050 1301 1207 1353 Sensit
1231 1302 1448 1364 denique
1478 1301 1805 1355 Alexandria,
1832 1301 1917 1350 ubi
1932 1302 2108 1351 Ptolo·

340 1384 495 1417 maeus
519 1367 869 1431 Philadelphus
892 1365 1280 1418 Bibliothecam,
1306 1364 1527 1413 collectis
1551 1365 1751 1413 erudito
1775 1379 1831 1412 ex
1851 1364 1992 1414 Orbe
2017 1380 2108 1414 un-

340 1432 492 1494 dique
516 1431 688 1487 biblijs,
703 1427 941 1480 instruxit,
957 1445 1112 1492 quam
1126 1441 1297 1477 tamen
1317 1430 1366 1478 ὃς
1381 1428 1532 1491 ipram
1554 1427 1818 1475 devoravit
1828 1428 2106 1482 Vulcanus,

338 1497 683 1558 nequicquam
704 1493 821 1544 inde
841 1493 1041 1542 doetior
1060 1492 1232 1545 faetus,
1255 1490 1339 1539 nisi
1360 1488 1505 1553 quod
1526 1489 1801 1538 Intelledhii
1826 1490 1928 1538 hoc
1952 1492 2107 1540 accla-

295 1584 306 1595 ·
339 1570 504 1608 maret
522 1559 811 1621 Satyricon:
858 1559 998 1603 exitus
1016 1555 1069 1610 est
1093 1555 1231 1614 Studij
1250 1566 1394 1614 parva
1407 1553 1565 1611 favill-
1583 1556 1666 1600 tm'.
1735 1554 2017 1603 Rationem
2035 1553 2107 1603 fa·

340 1621 405 1671 &i
427 1634 531 1670 tam
554 1620 887 1669 lamentabilis
908 1635 1018 1668 non
1051 1615 1285 1675 injustam
1315 1613 1463 1675 justus
1493 1615 1698 1681 Lypfius
1729 1608 1957 1679 assignat,
1980 1616 2107 1666 dum

273 1719 292 1726 -
340 1686 473 1735 hanc
496 1683 867 1733 Bibliothecam
888 1699 969 1729 non
997 1685 1041 1728 in
1063 1683 1177 1740 usum
1194 1682 1388 1730 tantum,
1412 1680 1484 1737 fi'd
1517 1677 1819 1728 ambitionem,
1845 1679 2107 1743 nominisque

254 1789 263 1799 .
333 1750 590 1811 splendorem
604 1779 616 1799 ‚
638 1746 855 1795 erestam
878 1744 1050 1795 asserit.
1122 1745 1255 1793 Hinc
1273 1744 1547 1793 vanitatem
1566 1741 1799 1791 humanae
1819 1744 2002 1793 mentis
2020 1743 2107 1792 de-

342 1813 575 1877 plorans,
596 1810 812 1872 denique
840 1809 1084 1858 exclamat
1112 1825 1121 1856 :
1167 1808 1337 1867 periere
1361 1807 1627 1853 voluminum
1645 1805 1917 1866 septuaginta
1939 1809 2102 1854 millia.-

344 1879 381 1924 0
400 1874 657 1931 Thesaurum
671 1878 689 1919 !
715 1874 787 1930 sed
808 1876 851 1919 in
874 1889 920 1919 re
940 1885 1095 1918 aeterna
1125 1887 1205 1917 non
1223 1883 1437 1918 arternum.

474 1937 673 1988 LEUC:
710 1937 759 1985 Si
786 1935 951 1985 minus
985 1937 1038 1983 in
1068 1934 1227 1988 libris,
1260 1935 1312 1982 in
1344 1932 1528 1982 artibus
1554 1931 1726 1981 saltem
1756 1934 2107 1982 immortalem

344 1999 613 2066 assequitur
633 2000 850 2063 gloriam
880 1997 1162 2048 Intellcdhts
1178 2029 1191 2052 ,
1214 1996 1339 2045 dum
1361 2012 1471 2046 non
1491 1994 1658 2045 modo
1680 1996 1784 2044 illas
1802 1991 2011 2050 invenit,
2024 1996 2107 2046 sed

346 2067 572 2115 inventas
592 2064 656 2113 ad
679 2078 798 2111 eum
819 2061 1138 2126 perfeffionis
1160 2062 1354 2125 apicem
1380 2059 1674 2124 perpolivit,
1695 2071 1749 2107 ut
1766 2060 1981 2108 Momus
2010 2059 2108 2124 ipse

344 2143 455 2177 non
482 2127 712 2178 haberet,
739 2125 883 2188 quod
908 2136 1145 2189 carperet.
1213 2126 1369 2170 MEL:
1438 2125 1510 2172 Ita
1537 2118 1629 2169 est:
1672 2123 1724 2170 in
1747 2119 1890 2169 testes
1923 2122 2108 2173 adduci

345 2190 541 2256 possent
564 2190 832 2255 praeprimis
854 2186 1046 2238 Mufica
1061 2220 1074 2242 ,
1098 2187 1337 2242 Pictoria,
1361 2184 1625 2238 Mathesis‚
1651 2183 1962 2248 centumque
1983 2187 2105 2241 aliae,

348 2269 565 2317 quarum
590 2252 833 2317 prodigia,
852 2253 1034 2315 Magiae
1055 2250 1320 2304 artificiali,
1342 2247 1518 2297 melius
1539 2247 1859 2297 reservamus.
1948 2251 2107 2298 Nunc

348 2334 399 2364 ne
434 2318 534 2379 quid
560 2320 683 2363 nimis
698 2349 710 2369 ,
732 2315 904 2364 delibo
924 2315 1136 2378 paucula
1158 2313 1220 2361 de
1239 2313 1534 2363 Voluntate.
1597 2312 1850 2374 Magnum
1865 2314 1913 2361 ὃς
1930 2308 2016 2360 ista
2041 2309 2111 2362 est

348 2382 555 2432 Naturae
573 2376 883 2442 mysterium.
952 2377 1127 2426 Solam
1146 2377 1191 2426 se
1211 2377 1357 2426 novit
1373 2374 1488 2440 ipsa,
1505 2374 1627 2437 quid
1645 2375 1764 2423 velit
1782 2374 1960 2426 liberas
1985 2390 2107 2424 nam

350 2445 433 2496 sua
453 2443 611 2493 servat
626 2442 810 2491 ‘secreta
822 2441 934 2489 fibi:
971 2438 1081 2490 imo
1102 2455 1196 2489 nec
1220 2439 1316 2505 ipsa
1334 2450 1498 2487 totam
1517 2438 1563 2486 se
1581 2439 1754 2490 novit5
1788 2438 1919 2487 solus
1941 2450 2107 2487 totam

348 2506 598 2575 agnoscit,
617 2507 704 2572 qui
726 2516 891 2560 totam
916 2504 1172 2562 condidit:
1206 2502 1290 2558 sed
1315 2502 1441 2559 dum
1461 2500 1778 2558 voluntatem
1796 2501 2105 2614 integleizigsti-

1948 2580 1969 2613 Ι
2021 2593 2040 2602 -
2090 2612 2091 2615 ,
