2177 2905
531 774 1089 868 NOSTRI
1168 778 1929 882 TEMPORIS,

1156 896 1283 946 SEU

418 953 1270 1136 DISCURSQ
1322 955 2009 1070 ULTIMUS

344 1142 762 1233 Libertate
796 1141 1371 1235 Indifferentiae
1399 1211 1422 1250 ,
1465 1151 1706 1236 etiam
1741 1151 1827 1234 in
1862 1147 2093 1235 Statu

883 1259 1230 1348 Naturae
1279 1259 1530 1382 lapsae.

743 1430 765 1456 ι
834 1440 840 1449 ι

603 1464 653 1512 5·
820 1454 838 1492 '¹
866 1455 1302 1509 EUCOTHEUS.
1339 1490 1345 1497 ›
1385 1452 1617 1508 Monstra
1655 1455 1855 1506 resumis
1888 1456 2089 1512 demit),

916 1535 1026 1583 quae
1049 1521 1295 1570 debellata
1313 1519 1528 1586 superius
1546 1519 1572 1569 a
1593 1519 1952 1585 Philosophico
1966 1524 2089 1571 Her-

616 1584 636 1632 (
692 1572 730 1657 ζ·
796 1601 848 1648 5·
905 1584 1026 1632 rcule
1063 1582 1409 1634 existimaram.
1510 1586 1570 1632 Et
1604 1584 1738 1631 unde
1771 1583 1878 1653 lraec
1898 1585 2087 1647 Hydra,

789 1660 807 1709 ς
915 1657 1025 1707 quae
1046 1650 1271 1708 quinque
1286 1647 1526 1710 capitibus
1545 1643 1846 1700 nionstrola‚
1859 1647 2088 1697 ultimam

760 1750 783 1763 ..
830 1719 845 1735 ·
915 1709 1120 1759 Mundo
1135 1709 2082 1772 minatur-perniciem?MELANDER..

807 1765 850 1799 ·“·
909 1771 984 1819 'Ex
1001 1772 1163 1819 Lerna
1173 1768 1466 1829 Janseniana
1489 1771 1716 1835 prorupit
1734 1769 1839 1819 haec
1852 1770 1982 1820 Orbi
2002 1788 2086 1837 pe-

914 1829 992 1880 stis
1008 1866 1020 1886 ‚
1040 1845 1095 1881 ut
1126 1831 1530 1897 obstupescerent
1558 1833 1725 1882 nostra
1751 1845 1981 1898 tempora
1998 1867 2011 1888 ‚
2034 1837 2086 1884 in

452 1924 467 1938 .
570 1924 588 1930 -
911 1897 1063 1944 unico
1078 1892 1367 1955 monstroso
1381 1897 1530 1944 Partu
1542 1910 1723 1945 omnes
1742 1898 1977 1945 omnium
1989 1898 2084 1947 Sae-

337 1955 576 2005 culorum
597 1956 820 2007 abortus.
888 1959 1088 2009 LEUC:
1123 1961 1363 2008 Tantaene
1384 1959 1531 2014 Furiis
1556 1957 1809 2008 ultricibus
1826 1961 1931 2013 irae‚
1953 1973 2007 2008 ut
2030 1963 2082 2010 in

335 2019 441 2083 ipso
470 2019 612 2069 Orbe
637 2021 913 2071 Catholico
927 2023 1187 2133 gravamus
1215 2024 1468 2071 Haeretieae
1495 2024 1796 2087 progignant
1827 2020 2080 2072 monstra?

335 2093 392 2130 ut
416 2077 444 2130 ὲ
463 2082 605 2132 caula
623 2081 805 2134 Christi
829 2100 922 2150 pro
963 2099 1111 2133 ueant
1134 2088 1327 2151 Lupos,
1350 2085 1609 2144 Jansenios
1628 2084 1870 2149 intelligo,
1892 2088 1977 2148 qui
1989 2088 2079 2135 Ec·

335 2144 490 2194 clesiae
515 2146 666 2196 Matri
691 2160 795 2197 tam
818 2148 1193 2198 lamentabilem
1213 2152 1469 2198 minentur
1490 2148 1714 2197 cladem?
1778 2151 1935 2196 MEL:
2004 2151 2077 2199 Ita

337 2204 435 2255 est:
472 2210 523 2259 &
555 2205 619 2258 eb
647 2211 858 2272 quidem
884 2210 1043 2275 magis
1067 2209 1342 2267 funestam,
1364 2214 1478 2274 quia
1506 2212 1708 2262 saeviunt
1726 2213 1856 2277 Lupi
1880 2212 1965 2261 sub
1994 2227 2077 2262 ve-

336 2265 574 2320 stimentis
606 2275 811 2325 ovium3
832 2276 948 2337 quia
974 2275 1156 2338 iprensi
1188 2276 1323 2341 pedo
1356 2275 1609 2329 dilatatus,
1643 2273 1830 2338 diuque
1866 2275 1951 2325 sub
1977 2278 2075 2325 Mi-⁴

333 2344 408 2381 tra
429 2333 586 2382 tectus
601 2367 615 2387 ‚
641 2333 942 2387 &stabilitus
965 2337 1045 2387 hic
1065 2354 1220 2388 error.
1280 2337 1584 2393 ¹Leucothee
1602 2341 1611 2386 !
1632 2354 1687 2386 ea
1709 2341 1923 2388 vivimus
1947 2352 2072 2387 tem-

333 2397 659 2507 Eoraequibus
685 2411 788 2447 tam
810 2401 1021 2451 occultis
1040 2401 1181 2465 serpit
1202 2401 1438 2450 cuniculis
1456 2398 1599 2464 pestis
1616 2402 1933 2458 Jansenianas
1957 2404 2074 2466 'qui-

373 2475 428 2507 us
448 2471 552 2506 tarn
572 2459 808 2510 terribiles
830 2463 1054 2514 Ecclefiae
1075 2464 1272 2514 affultus
1290 2467 1508 2514 minatur
1533 2463 1722 2513 haerefis
1736 2497 1747 2518 ‚
1772 2478 1827 2513 ut
1857 2469 1934 2514 vix
1961 2481 2070 2514 non

333 2523 577 2576 ruituram
605 2522 821 2582 diceres,
838 2525 926 2577 nisi
954 2528 1108 2580 Petrae
1143 2525 1287 2579 staret
1310 2530 1500 2584 innixa,
1521 2527 1585 2578 de
1616 2543 1715 2593 qua
1732 2527 1929 2640 dudum
1954 2544 2068 2594 pro-

1821 2607 1850 2641 c
1871 2607 2021 2642 erma-v
