2177 2905
62 1557 175 1607 Luci
178 1570 279 1606 anm

368 81 462 142 196
977 79 1123 129 Momi
1153 78 1369 136 Fenestrm.

304 178 546 228 deberent
570 174 721 225 Cives
743 173 805 223 de
827 173 1050 231 Nazara,
1075 178 1164 239 qui
1191 176 1391 239 quoties
1410 171 1606 229 moesti,
1626 174 1776 224 toties
1800 173 2032 225 dicebant
2047 188 2069 229 z,

304 256 449 289 eamm
468 241 520 285 ad
533 237 678 297 filium
697 238 878 299 Josteph,
903 252 960 289 ut
981 240 1161 289 forma:
1186 237 1534 288 amoeniffimae
1553 239 1694 297 radijs
1720 239 1892 288 nubila
1911 239 2066 289 discu-

303 308 510 355 tiamus:
619 304 919 352 Penicillum
959 304 1166 353 deberet
1199 303 1382 352 ducere
1421 303 1695 368 Dionyfius
1747 303 1809 352 ab
1834 303 2066 368 Areopa-

302 385 374 433 go
395 366 628 422 celebris,
652 369 740 430 qui
762 367 915 415 semel
933 369 1137 416 intuitus
1162 368 1505 413 Pulcher-rimam
1531 369 1647 414 inter
1672 368 1874 414 mulieres
1898 367 2067 415 dicere

303 432 497 483 solebat
512 465 525 486 ,
554 432 664 494 quad
682 429 890 490 adorsiffit
913 431 964 477 ιὶῑ
984 435 1153 482 Deam,
1179 424 1228 476 n?
1240 429 1347 488 fides
1374 431 1491 477 aliud
1510 429 1727 490 doczaecjsfht..
1790 432 1858 483 Ut
1876 443 2067 483 tamen,

304 510 553 559 tyronum
584 497 638 543 in
668 510 875 543 morem
899 527 913 548 ,
945 495 1252 543 lineamenta
1287 493 1511 542 carbone
1538 494 1710 542 saltem
1743 495 2067 551 adumbrem,

307 560 443 624 finge
471 558 587 613 tibi,
610 560 834 623 proponi
864 557 891 606 a
912 557 1160 607 Phantaso
1188 558 1466 608 duodenne
1487 558 1611 607 illud
1635 558 1772 607 Coeli
1793 559 2070 611 Delicium,

308 623 540 686 Speciofimz
556 634 644 683 prae
667 621 776 682 filijs
794 622 1027 674 hominum,
1053 625 1098 668 in
1119 622 1236 681 cujas
1255 623 1427 668 vultum
1450 623 1684 683 prospicere
1713 621 1946 680 desiderant
1962 624 2071 671 An-

303 689 417 748 geli:
445 686 596 751 finge,
617 687 829 749 inquam
863 684 1020 742 (nam
1043 685 1248 749 abludes
1272 685 1500 734 multum
1518 686 1545 734 a
1575 683 1818 741 veritate)
1840 688 1889 735 δε
1910 681 2071 748 stupe-

308 753 381 800 bis
401 751 571 799 ideam
590 746 803 800 coelestis
823 749 1238 814 formaenumeris
1262 750 1503 798 omnibus
1529 749 1826 798 absolutam.
1866 748 2070 797 Ludent

307 818 361 864 in
389 815 560 863 fronte
586 816 899 864 amoeniores
930 813 1202 868 illecebrae,
1224 809 1341 861 casti
1364 813 1626 861 certabunt
1646 812 1914 861 Adonides
1943 813 2072 861 Nar-

310 877 461 930 ciffis‚
491 878 679 926 coloris
715 878 869 927 vividi
906 876 1108 925 florebit
1131 877 1304 942 lepos:
1346 878 1397 923 in
1435 878 1571 939 genis
1598 876 1792 922 blanda>
1827 875 2074 923 natabunt

312 943 513 996 Gratiae‚
527 940 768 1006 laetusque
791 941 971 990 ridebit
991 940 1175 988 rubor:
1201 940 1421 988 eburnea
1441 939 1619 987 frontis
1643 938 1942 1003 exporrestae
1962 952 2076 986 area

314 1006 539 1055 candore
568 1008 787 1070 primam
809 1004 1058 1070 superabit
1077 1005 1280 1052 nivem,
1361 1003 1551 1052 Cernes
1570 1002 1948 1065 superciliorum
1968 1002 2074 1049 for-

312 1070 480 1119 mosas
504 1069 679 1123 irides,
707 1069 793 1117 sub
819 1069 1017 1132 quibus,
1033 1067 1310 1116 oculorum
1336 1068 1540 1131 gemina
1568 1066 1740 1119 fidera,
1755 1079 1859 1114 tam
1889 1060 2076 1114 blande

313 1134 594 1198 fulgurant,
618 1133 681 1182 ad
709 1131 1119 1194 extorquendum
1142 1146 1403 1182 amorems
1440 1143 1545 1178 tam
1580 1126 1754 1194 argute
1785 1129 2046 1179 scintillant
2059 1159 2081 1183 ,..

312 1197 376 1246 ad
405 1196 762 1246 incutiendum
796 1198 1067 1247 timorems
1112 1207 1219 1243 tam
1248 1195 1526 1243 amabiliter
1568 1195 1751 1243 ardent
1768 1227 1789 1248 ,.,
1811 1193 1873 1242 ad
1902 1193 2073 1241 conci-

313 1261 539 1310 liandam
557 1262 912 1316 reverentiam,
929 1272 983 1308 ut
1002 1275 1059 1307 ex
1083 1258 1250 1308 vivida
1269 1260 1383 1308 luce
1402 1259 1651 1307 Divinum
1674 1260 1943 1322 Ingenium
1961 1271 2072 1304 non

312 1323 463 1389 poffit
482 1340 593 1374 non
622 1320 884 1373 clariffime
915 1323 1242 1388 resplendere.
1344 1322 1601 1387 Stupebi8‚
1624 1322 1752 1370 illius
1778 1337 1869 1370 ore
1901 1320 1969 1368 nil
1993 1320 2086 1369 ab·-

313 1389 548 1443 solutius,
573 1389 644 1437 nil
674 1389 739 1437 ad
769 1389 1013 1436 decorem
1045 1383 1325 1438 venustius3
1348 1388 1588 1434 mimium
1624 1387 1799 1434 nativo
1832 1385 1979 1433 cedet
2007 1384 2081 1432 la·-

313 1453 521 1502 biorum
546 1450 908 1518 purpuriffo‚in
933 1452 1100 1514 lingua
1128 1450 1315 1498 sedebit
1334 1449 1523 1499 Suada,
1552 1453 1604 1499 &
1634 1452 1684 1497 in
1709 1464 1840 1499 voce
1869 1461 1973 1496 tam
1995 1463 2082 1496 ur·-

312 1516 460 1571 bana,
481 1533 541 1566 ac
557 1519 856 1579 neutiquam
878 1515 1056 1564 adscita
1080 1510 1387 1567 festivitas‚ut
1409 1525 1538 1575 quot
1557 1514 1725 1567 verba,
1739 1513 1996 1566 tot‚velut
2016 1513 2069 1560 in

312 1581 552 1635 Hercule,
569 1581 742 1629 abore
762 1592 1009 1644 proruant
1025 1578 1242 1632 vincula,
1264 1593 1373 1640 quae
1394 1576 1551 1625 corda
1573 1579 1764 1641 rapiant
1785 1577 1866 1626 vel
1889 1577 2078 1623 invitis..

314 1646 510 1694 Cernes
530 1660 590 1692 ex
608 1646 759 1708 nigro
779 1643 1134 1691 clarescentem
1152 1642 1402 1690 caesariem-
1422 1642 1475 1688 in
1497 1639 1738 1689 humeros
1761 1634 1968 1688 amoene
1982 1639 2070 1688 *de-

314 1708 498 1761 fluam,
526 1710 676 1773 cyrris
697 1710 750 1755 in
769 1705 869 1755 fine
892 1706 1108 1754 modicis
1129 1718 1383 1754 arcuatam
1399 1723 1415 1752 :.
1445 1700 1607 1768 gestus
1631 1703 1693 1752 ad
1714 1704 2070 1752 amoenitatem

312 1786 532 1821 omnem
560 1770 905 1836 composito&
949 1769 1124 1817 nasum
1152 1767 1336 1827 justum
1360 1802 1373 1823 ,
1403 1770 1526 1817 cutis
1558 1769 1858 1832 temperiem
1892 1767 2079 1815 delica-

314 1850 449 1890 tam,
472 1831 693 1884 maxime
726 1837 777 1883 in
803 1835 923 1883 vola
952 1830 1157 1884 manus,
1189 1831 1424 1881 diffusum
1453 1832 1641 1894 ubique
1676 1833 1886 1880 niveum
1924 1830 2070 1878 colo-

314 1915 455 1953 rem,
480 1898 777 1961 rantquue
805 1900 857 1946 in
884 1897 1126 1945 membris
1153 1897 1394 1945 omnibus
1425 1895 1799 1956 symmetriam,
1818 1906 1875 1943 ut
1893 1893 2081 1944 exhau-

316 1962 418 2013 fifl'e
440 1963 689 2012 decorem
707 1977 927 2011 omnem
946 1960 1103 2011 videri-
1121 1963 1321 2010 Natura
1337 1960 1512 2025 pofl'et‘.

444 2028 651 2079 LEUC:
729 2027 779 2075 Si
811 2021 936 2084 justa
964 2026 1235 2089 temperies
1264 2037 1457 2073 tantam
1494 2024 1706 2088 corpori
1727 2020 2039 2074 venustatem
2057 2056 2073 2080 ,

316 2104 568 2155 quantum
592 2102 734 2156 putas
754 2092 805 2137 in
825 2091 999 2138 animo
1017 2089 1275 2153 generabit
1293 2087 1641 2153 splendorem?
1708 2089 1864 2135 MEL:
1934 2089 2072 2136 Mar-

316 2159 529 2220 garitam
550 2171 607 2203 ex
628 2153 827 2203 concha
850 2150 1083 2207 aestimes,
1108 2164 1331 2217 oportet.
1414 2151 1543 2200 Illud
1562 2152 1897 2216 praecipuum,
1922 2150 2068 2214 quod

319 2221 474 2267 animi
496 2219 691 2267 indoles
715 2217 779 2266 ad·
801 2217 1078 2265 medietatis
1100 2217 1273 2265 librata
1299 2216 1537 2263 trutinam
1553 2248 1565 2270 2
1584 2217 1712 2263 inter
1730 2215 2067 2268 audaciam,&

317 2284 561 2330 timorem
578 2316 590 2337 ,
616 2282 994 2330 cunctationem
1013 2315 1026 2335 ,
1048 2284 1099 2330 ὅ(
1132 2281 1556 2346 praecipi'tantiam,
1587 2279 1998 2334 misericordiam,
2014 2281 2066 2329 &

315 2346 582 2398 invidiam,
601 2343 879 2408 caeteraque
899 2346 1053 2392 animi
1082 2343 1370 2409 pathemata
1397 2342 1728 2405 aequilibrium
1753 2354 1943 2391 teneat:
1982 2342 2068 2390 de-

315 2407 592 2473 prehendes
613 2410 852 2462 alacrem,
872 2411 1160 2457 amicorum
1180 2419 1463 2459 amantem,
1484 2405 1720 2456 officiosae
1741 2406 2064 2455 humanitatis

316 2473 585 2537 exemplar,
598 2472 917 2526 discretionis,
938 2475 988 2522 ὅ(
1009 2472 1280 2537 prudentiae
1307 2470 1581 2535 speculum.
1651 2470 1862 2521 Videbis
1886 2469 1947 2517 ad
1970 2469 2064 2517 vir-

315 2548 477 2588 tutem
494 2549 688 2594 natum,
705 2532 1015 2601 fastumque,
1032 2536 1134 2590 etsi
1155 2536 1281 2590 ullus
1305 2535 1425 2589 alius
1441 2567 1454 2594 7
1476 2535 1708 2589 sortitum
1726 2536 1949 2587 animam
1971 2531 2062 2580 bo-

877 2623 883 2631 ’·
1854 2610 1990 2646 nam.
