2160 2916
374 88 435 139 86
975 81 1149 145 Coloffia
1180 82 1400 148 Mysticm‘.
1423 128 1425 130 .

312 199 400 233 nas
431 187 482 234 ὃς
510 181 817 231 Democles:
854 182 1097 233 cadavera
1129 182 1508 247 ampledtimur‚
1532 180 1654 232 cum
1683 179 1729 234 se
1750 182 1803 233 'se
1826 183 2065 244 brachiis,

311 246 531 296 infundit
550 244 702 300 ultro,
723 245 971 310 Angelica
993 243 1249 296 venustas:
1285 245 1593 311 superbimus
1616 247 1678 296 de
1697 246 1939 304 sordibus,
1958 251 2068 314 glo-

308 312 497 358 riamur
524 309 587 357 de
605 308 728 357 fuco
743 342 757 363 ,
781 310 1052 358 cornic'ulae
1076 306 1224 357 instar
1239 341 1251 363 ,
1275 323 1431 371 quam
1465 309 1780 374 deplumabit
1811 327 1952 360 mors
1975 315 2074 361 im-.

308 372 520 485 prpyisa,
541 369 876 436 detrafflsque
897 371 1086 439 spons,
1113 372 1363 439 putredini
1384 371 1739 437 vermibusque
1765 377 1817 423 in
1849 375 2071 439 praedam

310 454 328 483 ς
346 451 371 484 a
411 448 462 484 it.

340 518 349 521 *‘
436 499 635 549 LEUC:
705 497 1049 550 Crediderim,
1082 495 1227 561 quod
1254 499 1402 547 multi
1435 499 1614 551 formae
1639 500 1731 549 suae
1759 498 1918 565 magis
1945 517 2066 550 con-

305 562 534 616 sulerent,
550 562 583 610 fi
609 563 800 611 formas
829 562 1140 611 cadavericas
1166 565 1507 625 examinarent
1524 564 1759 617 crebrius,
1781 579 1937 626 quam
1959 580 2065 629 par-

307 626 461 673 tiales.
530 625 628 674 Sed
650 641 816 680 raros,
847 624 934 674 nisi
962 625 1136 678 fallor,
1158 627 1393 690 reperies,
1419 628 1504 689 qui
1530 643 1651 675 cum
1680 627 1928 677 Lidvvina
1958 643 2064 676 ma-

308 688 399 736 lint
418 687 511 736 esse
534 688 818 742 deformes,
847 687 1003 750 quam
1037 687 1200 737 minus
1224 685 1355 737 casti.
1422 692 1579 736 MEL:
1646 691 1727 739 Sic
1753 705 1939 755 nempe
1971 706 2065 739 no-

308 747 401 799 stra
432 766 660 800 amamus
691 753 935 816 pericula,
957 764 1011 800 ut
1030 767 1306 817 pereamus.
1375 754 1505 801 Non
1532 755 1669 801 enim
1700 755 1894 804 multis,
1918 767 2091 807 reor„

305 815 426 864 Divi
445 815 736 864 Bernardini
762 816 987 879 elogium
1015 817 1285 880 competit:
1323 816 1431 878 quod
1462 815 1699 869 castitatem
1723 816 1890 875 egregia*
1915 814 2062 874 fbrmti

186 929 194 938 ,
305 889 563 937 repugnante
573 878 821 940 fiznzffi‘iffime}
846 877 1100 931 custodierit.
1164 880 1371 928 Notum
1398 878 1522 927 illud
1543 880 1738 928 Po’etae:
1773 895 1874 926 rara
1893 878 1947 931 esi
1966 895 2059 925 con-

62 934 104 976 ·5·
127 931 257 974 Hst'r·
306 942 449 987 cordia
458 939 609 999 fhrmae
627 955 756 1004 atque
770 943 1010 1001 pudc'citiae:
1032 943 1148 1004 quia
1170 940 1339 1001 difficile
1352 940 1583 995 custoditur
1601 944 1709 1005 quod
1719 942 1866 1002 plures
1885 954 2035 988 amant
2047 960 2060 987 :

61 994 92 1039 l·
113 1006 154 1037 Ι·
184 1006 277 1036 ⁶07²·
306 1006 357 1054 ὃς
377 1004 518 1066 aliquo
541 1006 661 1051 modo
683 1007 738 1052 (9⁸
756 1005 981 1067 aliquando
1006 1016 1296 1064 expugnatur,
1328 1006 1437 1068 quod
1456 1004 1610 1068 ubique
1629 1005 1856 1066 inceffitur.
1955 1005 2062 1056 Uti-

60 1054 258 1112 WaJOv·
304 1082 426 1115 nam
448 1082 557 1115 non
577 1068 697 1132 saepe
717 1067 885 1131 saepius
902 1100 915 1121 ,
935 1067 1040 1116 hoc
1062 1067 1300 1130 probaret
1328 1070 1652 1132 experientia,
1680 1083 1774 1118 nec
1803 1069 1857 1117 in
1876 1083 2061 1132 corpo-

303 1146 381 1181 re,
443 1130 549 1179 uod
568 1133 695 1177 DEI
705 1132 908 1190 templum
936 1127 1005 1178 est
1019 1163 1032 1184 ,
1058 1130 1289 1182 Dostore
1310 1128 1570 1197 Apostolo
1584 1164 1598 1185 ,
1615 1133 1765 1179 toties
1794 1143 2063 1183 renovaret

304 1195 436 1244 moel
463 1210 489 1242 a
508 1195 743 1257 Solymaei
769 1194 943 1257 templi
968 1194 1170 1241 excidia.
1221 1194 1506 1242 Surrexerat
1529 1194 1768 1244 ostavum
1789 1193 1893 1244 hoc
1912 1209 2061 1243 mun-

306 1257 356 1305 di
380 1258 703 1309 miraculum,
736 1272 874 1305 mera
901 1259 1029 1305 inter
1057 1257 1321 1308 miracula,
1351 1272 1408 1304 ex
1441 1258 1674 1306 candenti
1705 1272 1964 1306 marmore
1994 1256 2060 1305 fic

303 1322 564 1384 septennio
589 1333 835 1375 creverat,
861 1332 916 1369 ut
937 1332 1108 1368 tamen
1128 1320 1327 1368 nullum
1354 1320 1546 1368 audires
1580 1320 1749 1368 mallei
1770 1317 2027 1385 strepitum
2043 1352 2057 1374 ‚

304 1386 503 1446 triginta
529 1382 806 1432 hominum
839 1384 992 1431 millia
1019 1382 1356 1447 praeparabant
1384 1382 1562 1431 cedros
1593 1396 1743 1446 atque
1775 1382 2052 1447 cupreffos:

301 1445 578 1510 ostogefies
606 1447 745 1496 mille
774 1446 993 1510 lapicida:
1023 1461 1281 1493 marmora
1300 1446 1663 1510 perpoliebant.
1728 1447 1870 1512 Quid
1887 1446 2055 1495 dicam

303 1511 365 1561 de
386 1510 648 1576 splendore
680 1513 729 1559 ὃς
755 1510 1040 1574 opulentia?
1076 1509 1423 1573 superbiebant
1442 1509 1621 1557 obrizo
1641 1512 1954 1558 coruscantes
1976 1525 2060 1573 pa..

302 1576 471 1627 rIetes,
498 1572 681 1623 Phoebi
707 1572 850 1629 iubar
874 1588 1033 1638 prope
1056 1575 1383 1626 extinxerant,
1407 1572 1568 1621 decies
1594 1573 1731 1620 mille
1759 1573 2057 1621 candelabra

304 1651 452 1685 aurea
466 1669 479 1690 ,
503 1636 586 1686 ,die
604 1634 865 1699 nostrique
882 1636 1129 1686 ardentia:
1166 1635 1542 1688 thuribulorum
1562 1637 1737 1700 viginti
1761 1636 1915 1684 millia
1928 1636 2058 1685 Ara-

303 1700 439 1747 biam
471 1700 645 1762 jugiter
679 1698 998 1751 exhalabant:
1049 1715 1106 1747 ex
1128 1714 1253 1747 auro
1285 1697 1542 1811 puriffimo
1569 1699 1888 1763 fulgurabant
1906 1698 2053 1752 Arae,

301 1760 387 1811 hic
408 1773 625 1814 oneratae
654 1761 816 1810 decies
836 1763 973 1813 mille
998 1764 1155 1815 aureis
1184 1761 1384 1828 phialis,
1456 1761 1696 1826 ivigesies
1728 1763 1866 1810 mille
1893 1778 1952 1810 ex
1983 1778 2055 1811 ar-

301 1838 458 1889 gento
487 1823 834 1876 candidiffimo
861 1827 1036 1889 pateris
1068 1838 1340 1877 exornatae:
1379 1825 1502 1888 quid
1529 1826 1727 1874 multis?
1772 1826 2054 1874 sacrarium

303 1889 516 1942 diceres,
535 1890 587 1935 in
617 1903 723 1950 quo
754 1888 1038 1936 excolendo
1060 1904 1277 1938 omnem
1302 1890 1552 1952 Sapientia
1575 1888 1797 1937 humana
1828 1886 2053 1937 industri-

302 1967 410 2000 am:
445 1953 497 2000 in
523 1966 628 2013 quo
668 1951 877 2002 ditando
902 1953 1122 2000 Orientis
1152 1967 1274 2016 opes
1303 1964 1478 2002 natura
1509 1950 1703 2015 penitus
1739 1950 2047 2002 exhausisset:

302 2017 353 2063 ὃς
375 2027 546 2062 tamen
574 2010 845 2079 postquam
867 2014 1017 2062 semel
1046 2011 1378 2066 destrustum,
1398 2015 1461 2065 ad
1486 2016 1710 2079 priorem
1738 2011 1910 2066 denuo
1940 2015 2046 2078 glo-

300 2079 427 2124 riam
464 2075 753 2129 surrexisset,
776 2075 903 2126 taeda
941 2075 1087 2125 unic-3
1109 2111 1121 2131 ,
1162 2092 1318 2140 quam
1347 2073 1375 2129 ὲ
1399 2079 1519 2124 turri
1557 2074 1880 2127 Antonianii,
1906 2078 2050 2126 miles

301 2141 427 2193 Titi,
462 2142 732 2188 temerario
756 2140 945 2194 furore,
970 2142 1229 2195 injecerat,
1251 2153 1355 2188 tam
1376 2138 1537 2188 subito
1567 2138 1848 2205 concepisse
1865 2141 2051 2190 Vulca-

301 2216 427 2250 num
458 2203 650 2257 ferunt,
679 2215 732 2251 ut
762 2215 871 2251 tota
890 2204 1129 2266 Solyma,
1161 2203 1259 2252 una
1288 2218 1408 2251 cum
1434 2204 1680 2251 Romano
1704 2204 1920 2254 exercitu
1945 2236 1958 2257 ,
1984 2203 2049 2252 ad

302 2262 649 2328 restinguenda
677 2266 907 2315 incendia
939 2268 1210 2317 advolante
1230 2302 1242 2317 ,
1269 2264 1535 2330 prohibere
1563 2267 1844 2328 nequiverit
1862 2299 1875 2320 ‚
1901 2282 1965 2314 ne
1997 2268 2049 2315 in

300 2324 453 2374 tristes
473 2331 869 2381 cineres,iterato
891 2329 998 2381 fato
1013 2363 1027 2384 ,
1051 2330 1397 2381 collaberetur·
1467 2330 1564 2376 En!
1590 2328 1927 2396 Archetypon
1957 2329 2046 2378 hu-

302 2392 440 2438 mani
466 2393 717 2455 corporis:
754 2391 929 2441 sufficit
946 2394 1286 2458 saepenumero
1309 2394 1497 2455 peccati
1523 2394 1668 2441 unica
1689 2391 1907 2445 scintilla,
1929 2407 2046 2456 prae-

300 2448 445 2516 cipue
473 2453 663 2517 Cypriis
687 2454 719 2501 fi
746 2454 802 2502 fit
829 2455 1019 2521 delapsa
1040 2457 1271 2510 caminis,
1294 2459 1344 2505 ὅ(
1377 2469 1501 2502 mox
1536 2457 1587 2502 in
1614 2467 1752 2503 >tanta
1779 2455 2043 2504 exardescit

298 2514 527 2566 incendia
543 2549 555 2572 ,
576 2529 630 2566 ut
653 2517 788 2569 nulla
809 2521 1078 2581 gratiarum
1098 2519 1300 2574 fluenta,
1319 2518 1455 2569 nulla
1470 2515 1718 2584 Superfim
1746 2515 2042 2570 hominum-

1875 2595 1974 2642 que
