2177 2905
72 498 128 568 L?
145 497 196 541 de
207 497 272 542 di-

74 572 216 608 vmat.

387 86 452 135 44
771 128 774 131 ,
877 76 883 77 ’
998 72 1246 136 Diphthera
1267 73 1418 136 Jovt‘s.

325 166 678 231 AEgyptiorum
704 164 926 216 Oraeula
945 167 1330 232 expiscarentur,
1354 166 1486 216 hanc
1511 176 1684 216 tamen
1710 163 1979 218 Scientiam
2010 167 2082 218 di-

325 231 621 287 vinatricem
638 262 649 283 ,
668 230 747 279 vel
767 231 1118 294 neglexerunt,
1143 234 1258 295 quia
1280 233 1502 284 inanem,
1523 230 1604 280 vel
1627 232 1679 278 in
1701 230 1846 279 usum
1865 231 2079 281 deduce·

323 308 377 341 re
404 292 738 347 erubuerunt,
769 297 884 355 quia
912 293 1160 343 fallacem.
1262 293 1367 358 Ipse
1396 292 1755 359 Philosophus,
1789 295 1839 341 in
1868 294 2084 347 scrutan-

324 356 397 404 dis
416 358 621 405 Natura:
644 358 916 410 miraculis,
936 357 999 406 ad
1033 357 1334 406 miraculum
1363 357 1582 406 curiosus
1603 390 1616 411 ,
1644 359 1695 405 in
1730 360 1899 410 rerum
1930 358 2084 406 coele-

323 416 472 468 stium
495 421 642 483 copia
665 420 896 482 copiosus
911 453 924 474 ,
950 417 1329 484 Astrologieam
1358 434 1530 469 tamen
1559 417 1996 485 prognosinsslicet
2020 420 2086 469 ab

324 483 425 538 aliis
453 487 603 531 aetati's
621 482 714 531 suae
731 482 1045 547 Philosophis
1070 486 1366 540 exercitam,
1388 482 1443 532 ut
1460 484 1658 533 Tullius
1685 495 1959 536 memorat,
1973 498 2087 532 om-

323 544 450 595 nino
481 546 722 610 neglexit:
761 547 914 601 volve
948 546 1103 596 libros
1136 546 1197 594 de
1232 547 1546 599 Mundo,&
1579 542 1767 600 Coelo,
1792 547 1854 594 de
1877 543 2084 595 historia

325 610 642 663 animalium,
655 613 1008 672 generatione:
1031 609 1242 658 scrutare
1262 611 1596 674 problemata,
1611 606 1868 671 librosque
1889 622 2090 657 mereo·
2167 634 2176 639 -

323 674 611 737 rologicos,
636 675 688 721 in
709 673 890 736 quibus
919 673 1291 722 admirabilium
1315 670 1533 722 maxime
1561 689 1729 721 rerum
1762 673 1924 720 causas
1948 671 2087 722 inda—

322 749 433 800 gat,
457 739 641 799 &sstota
666 752 857 785 caeeum
887 750 971 784 me
994 736 1125 784 dicat
1143 737 1363 800 Stagira,
1384 736 1416 785 fi
1436 737 1515 785 vel
1537 736 1803 785 verbulum
1830 735 1891 783 de
1909 732 2102 784 Astro-

322 798 601 865 logicis‘ille
621 800 876 864 ampullis:
913 811 968 848 ut
987 797 1118 848 adeo
1142 799 1291 848 futilis
1315 799 1406 847 effe
1431 799 1610 846 debeat
1632 800 1712 846 illa
1739 800 1952 847 Scientia
1968 831 1980 852 ,
2003 814 2087 847 cu·
2167 841 2172 845 ,

324 863 397 922 jus
419 879 514 912 nec
539 861 819 913 meminisse
839 862 1068 926 dignatur
1091 859 1328 923 Magister
1354 862 1452 915 ille,
1473 864 1559 922 qui
1583 876 1676 924 pro
1699 860 1902 916 objceto
1925 874 2086 908 omne
2163 879 2166 885 ⁴

324 927 489 976 scibile
513 960 527 980 ‚
577 943 672 992 pro
705 926 961 975 Auditor-e
994 939 1154 973 omne
1185 924 1461 974 hominum
1493 925 1695 980 Genus,
1723 938 1819 989 pro
1852 922 2089 973 cathedra

323 990 586 1041 Mundum
606 1002 837 1038 numerat
856 987 1162 1037 universum.

452 1054 648 1104 LEUC:
719 1052 894 1101 Obefae
921 1051 1142 1100 nimium
1168 1054 1295 1100 naris
1316 1050 1372 1100 fit
1389 1051 1471 1100 ille
1483 1050 1925 1115 Philosophus,cui
1946 1050 2086 1100 filen·

324 1118 454 1165 tium
476 1114 604 1164 istud
624 1114 914 1180 Philosophi
934 1115 1042 1163 satis
1069 1130 1179 1163 non
1200 1115 1441 1177 loquitur.
1545 1117 1616 1163 Ita
1641 1115 1878 1177 equidem
1897 1115 2082 1164 sentio:

324 1180 407 1229 sed
433 1178 642 1244 putasne
664 1191 770 1227 tam
791 1175 936 1227 facile
965 1180 1126 1241 quivis
1149 1176 1298 1232 1111111,
1318 1173 1512 1240 tibique
1538 1177 1840 1226 consentiet?
1877 1177 2082 1229 falleris:

323 1243 497 1293 audivi
516 1241 543 1291 a
562 1243 731 1292 multis
751 1258 862 1290 non
882 1257 1039 1307 pauca
1053 1274 1066 1296 ,
1087 1257 1197 1304 quae
1219 1242 1286 1291 illi
1308 1237 1516 1290 minime
1539 1256 1692 1294 vana,
1713 1239 1878 1290 minus
1898 1242 2081 1290 inania.

323 1307 523 1356 Contra
542 1307 686 1354 allata
708 1304 946 1354 haetenus
976 1317 1147 1354 totum
1177 1304 1440 1368 exsurgunt
1466 1307 1517 1352 in
1549 1303 1745 1358 ensem,
1768 1300 1950 1366 totque
1972 1303 2086 1366 fun-

323 1370 598 1423 damentis,
619 1386 676 1418 ac
697 1369 973 1418 rationibus
995 1367 1342 1432 digladiantur,
1365 1381 1417 1416 ut
1437 1367 1471 1417 si
1494 1383 1603 1416 non
1622 1383 1812 1420 veram,
1831 1365 2086 1416 verosimi-

321 1433 426 1482 lem
456 1446 626 1482 tamen
661 1429 1012 1487 Astroloaiam
1051 1429 1401 1480 demonstrent
1421 1465 1433 1484 ,
1468 1434 1619 1479 etiam
1650 1430 1866 1480 cordatis
1895 1446 2005 1479 non
2029 1446 2103 1494 u--
2173 1432 2176 1435 “

322 1512 397 1545 no
419 1496 576 1545 halitu
596 1483 967 1545 exsufflandam.
1036 1496 1192 1542 MEL:
1263 1496 1370 1544 Ore
1391 1507 1483 1543 tuo
1504 1510 1612 1542 non
1637 1495 1881 1556 loqueriS,
1906 1506 1961 1542 ut
1983 1496 2082 1557 epi-

324 1557 515 1608 stomio
541 1575 669 1624 opus
698 1558 778 1607 fit:
826 1558 862 1607 fi
888 1571 1059 1606 tamen
1090 1557 1178 1606 tibi
1208 1556 1391 1606 haereat
1422 1558 1595 1610 fucus,
1618 1559 1670 1605 in
1697 1557 1927 1606 medium
1964 1557 2087 1607 affer

324 1622 431 1671 haec
454 1622 810 1670 fundamenta:
857 1620 1010 1669 aufim
1043 1620 1289 1684 spondere
1312 1653 1324 1673 ,
1355 1619 1500 1680 quod
1528 1619 1783 1669 ruinosam
1813 1618 1945 1668 adeo
1980 1635 2085 1669 ma-

278 1686 281 1688 ’
325 1685 556 1738 chinam,
581 1683 614 1732 fi
636 1699 743 1733 non
764 1682 1046 1737 infirment,
1068 1680 1208 1731 certo
1229 1697 1339 1732 non
1362 1682 1580 1730 firment.
1681 1682 1822 1746 Age,
1847 1697 1963 1747 age:
2011 1683 2083 1732 di-

324 1747 438 1796 xiffe
453 1781 468 1801 ,
490 1750 580 1795 erit
599 1748 698 1803 jam
720 1744 966 1795 refutafi'e.
2122 1800 2127 1801 ⁷

453 1812 651 1861 LEUC:
726 1812 774 1858 Si
801 1825 922 1872 quas
953 1808 1118 1857 adhuc
1142 1810 1397 1857 memoria
1430 1810 1657 1871 reliquias
1689 1821 1856 1858 teneat
1876 1842 1889 1864 ,
1917 1811 2085 1874 profe-

324 1890 434 1924 ram
451 1907 464 1928 ,
494 1887 637 1922 erunt
656 1876 846 1921 curiosa
863 1906 875 1926 ,
900 1872 933 1920 fi
953 1871 1118 1920 minus
1141 1887 1274 1920 vera.
1353 1873 1453 1921 Pro
1476 1874 1643 1936 primo
1664 1873 1756 1921 illis
1783 1873 2086 1924 fundamen-

324 1952 383 1987 to
396 1938 552 1988 -servit
572 1937 710 1985 Coeli
740 1935 1038 2001 aspectabilis
1066 1935 1309 1988 ambitus,
1340 1949 1495 1998 quem
1524 1937 1576 1984 in
1608 1936 1885 1985 duodecim
1922 1951 2088 2002 partes
2167 1969 2177 1973 -

324 2001 350 2057 (
374 2001 566 2050 domos
591 2001 658 2048 illi
680 1996 935 2052 coelestes,
960 1999 1042 2046 seu
1060 1998 1423 2048 dodecamoria
1451 1997 1755 2057 nominant>
1791 1999 2101 2064 dispereunt.'
2170 2016 2174 2021 ·

326 2065 548 2114 Primam
577 2064 796 2121 domum
819 2065 870 2110 in
890 2062 1159 2111 horizonte
1181 2064 1349 2111 ortivo
1368 2059 1612 2116 statuunt,
1633 2061 1696 2111 fic
1717 2075 1771 2111 ut
1792 2062 1868 2111 sex
1892 2065 2083 2128 primae,

327 2128 510 2177 ordine
542 2127 704 2175 versus
723 2128 887 2175 imum
907 2126 1044 2174 Coeli
1076 2125 1400 2190 retrogrado,
1421 2124 1821 2190 hemisphaerium
1848 2127 2081 2183 inferiu53

326 2193 403 2239 sex
422 2188 547 2240 vero
574 2187 872 2254 posteriores
899 2189 1112 2253 superius
1138 2201 1406 2252 occupent.
1487 2188 1575 2237 Ab
1602 2188 1808 2243 effectu,
1831 2205 1984 2253 quem
2009 2193 2081 2242 Si-

328 2254 445 2302 dera
470 2253 689 2324 respectu
723 2253 961 2315 cujusque
988 2252 1090 2300 loci
1124 2253 1442 2316 producunt,
1466 2250 1541 2300 11ae
1574 2252 1759 2301 domus
1789 2254 1871 2303 sua
1901 2254 2082 2306 sortitae
2152 2252 2169 2326 {j

326 2317 437 2365 sunt
455 2332 692 2364 nomina:
728 2319 887 2380 prima
905 2315 1144 2374 horoscopus
1164 2315 1356 2375 dicitur,
1378 2317 1428 2364 ὃ(
1456 2314 1692 2379 fignificat
1709 2319 1891 2363 vitanti
1910 2319 2082 2369 secun-

329 2380 412 2431 da,
430 2378 595 2442 inferni,
608 2392 753 2437 porta,
766 2380 876 2440 spem
892 2411 904 2432 ,
928 2381 984 2426 &-
1009 2379 1172 2424 lucrum
1205 2377 1485 2442 portendit:
1522 2382 1693 2433 tertia,
1723 2394 1832 2442 quae
1864 2384 1965 2428 Dea
1993 2397 2079 2447 ap-

325 2442 553 2507 pellatur,
573 2442 788 2505 praesagit
815 2439 1008 2499 fratres.-
1054 2454 1246 2502 quarta,
1269 2449 1380 2503 quae
1400 2442 1574 2499 angulas
1597 2455 1745 2494 terrae,
1768 2443 1954 2494 indicat
1987 2450 2076 2492 Pa.

324 2517 486 2555 rentes:
514 2507 687 2568 quinta
710 2506 816 2556 bona
829 2503 1026 2566 fortuna,
1041 2501 1111 2556 est
1123 2505 1379 2564 valetudinss
1395 2505 1548 2557 index:
1571 2504 1778 2573 septima
1797 2508 2077 2577 occasgcssson.
2140 2505 2141 2511 ’

1894 2574 2014 2648 1111
