2177 2905
114 435 232 483 plin.
249 430 329 490 l.4.

113 562 276 610 Solinus

115 642 153 674 c.
168 638 242 681 30.

115 686 317 737 Nier.l.8

118 769 152 799 c.
171 753 213 800 8.

137 2132 352 2184 A.1233.

144 2267 351 2320 A.1577·

1811 6 1833 23 Χ,

434 91 522 139 190
1039 79 1221 140 oedipus
1244 80 1453 145 Phyficus.

362 173 573 238 gemino
592 170 708 222 huic
745 171 950 223 Naturae
979 174 1212 237 prodigio
1238 176 1375 225 addo
1407 177 1609 226 minora
1634 208 1648 231 ,
1676 190 1786 240 quae
1813 188 1984 230 tamen
2007 191 2118 229 non
2147 227 2150 229 ,

366 233 532 284 mincis
551 234 797 285 curiosam
818 236 887 284 sui
901 248 1076 300 petunt
1098 239 1421 287 memoriam.
1489 239 1664 304 Africa
1684 239 1916 289 homines
1927 242 2117 306 produ-

367 299 433 345 cit
446 297 765 363 Polyphemo
781 313 888 347 non
907 303 1118 364 impares
1140 331 1153 355 ‚
1174 304 1288 364 quia
1301 303 1635 357 Monoculos,
1656 305 1705 353 ὅ(
1725 303 2119 369 Cinocephalos.

367 360 567 424 Scythia
587 363 784 412 Incolas
806 362 889 410 alit
906 395 920 416 ‚
944 363 1122 425 quibus
1137 367 1332 413 aurium
1355 366 1649 429 appendices
1673 378 1778 413 tam
1799 367 2008 430 grandes
2027 399 2040 420 ,
2066 378 2121 417 ut

368 436 540 473 totum
563 441 744 490 corpus
767 425 959 478 velent,
999 442 1057 475 ac
1081 439 1374 490 contegant.
1445 428 1560 477 Imo
1584 428 1856 491 aliquibus,
1881 433 2122 491 quosTu-

369 489 616 538 tanuchos
641 490 911 537 nominant
931 521 944 542 ‚
971 501 1076 537 tam
1108 490 1294 539 liberali
1322 487 1439 540 ulna
1459 492 1716 556 protendit
1737 508 1876 542 aures
1898 495 2118 546 Natura,

368 567 423 603 ut
440 556 516 602 sex
536 555 626 602 viri
644 553 728 601 sub
753 552 843 600 illis
858 586 870 606 ,
907 553 1044 601 velut
1068 566 1368 617 tegumento
1392 555 1683 604 commodo
1702 587 1716 608 ‚
1746 555 1897 604 latere
1919 555 2118 621 possint.

365 618 465 668 Sed
493 619 542 667 ὅ(
565 615 841 665 Antiochia
864 612 1203 666 Constantino
1227 617 1424 680 Magno
1446 620 1672 668 Faunum
1692 618 1874 668 obtulit
1889 652 1903 673 ,
1926 619 2008 668 seu
2031 619 2124 669 ho-

366 684 560 732 minem
578 676 845 729 silvestrem
868 697 878 727 :
909 682 960 728 in
988 681 1190 742 qualern
1213 680 1585 736 evasiffe,reor,
1607 681 1854 732 infantem
1868 683 2035 739 illum,
2059 682 2122 731 de

365 760 474 808 quo
497 744 755 794 Cardanus
771 776 783 796 ,
799 746 885 805 qui
896 744 1087 792 inSilva
1100 742 1376 808 depolitus,
1398 743 1711 807 nutritusque
1735 745 1898 792 ferino
1918 745 2040 794 laete
2055 746 2125 793 fc-

364 825 532 861 rarum
553 807 780 856 indolem
802 808 950 860 suxit,
972 822 1028 855 ac
1051 805 1187 860 hirto
1211 808 1351 855 vultu
1367 840 1379 860 ,
1404 822 1594 869 ungues
1614 839 1627 858 2
1652 810 1704 855 &
1725 807 1938 854 caudam
1965 809 2027 856 ad
2053 810 2126 857 in-

365 873 459 924 star
478 872 651 921 belluae
678 869 912 934 produxit
935 887 944 915 :
1015 884 1078 917 en
1100 872 1110 917 Ξ
1137 873 1308 930 quanti
1322 869 1502 916 referat
1513 868 1712 916 educari
1732 870 1862 918 inter
1876 869 2028 924 feras,
2047 869 2127 920 vei

365 938 602 988 homines
621 934 754 982 feros
776 934 785 981 Ξ
823 931 925 996 Ipsa
941 930 1118 980 Indiaa
1131 928 1373 980 Monstris
1386 929 1606 993 quaesivit
1625 932 1839 995 gloriam
1852 965 1865 987 ,
1882 932 2006 981 dum
2020 937 2128 983 Au-

366 997 514 1066 gusto
530 997 705 1047 Caesari
721 1029 734 1049 ,
756 996 976 1044 muneris
998 995 1121 1044 loco
1137 1026 1150 1046 ‚
1176 993 1361 1043 obtulit
1381 994 1777 1048 adolescentem,
1805 997 1892 1058 qui
1914 994 2014 1044 fine
2039 995 2130 1046 hu-

365 1065 512 1114 meris
524 1094 538 1116 ,
559 1056 887 1119 manibusque
901 1057 1042 1106 tubas
1057 1057 1272 1111 inflavit⁷
1286 1058 1474 1122 sagittas
1494 1073 1550 1107 ex
1563 1073 1679 1106 arcu
1694 1057 1906 1108 vibravit
1918 1075 1999 1113 ,ac
2014 1075 2130 1109 om-

370 1130 452 1176 nia
475 1138 720 1174 manuum
740 1120 906 1169 officia
930 1154 943 1174 ,
975 1121 1182 1185 pedibus
1203 1116 1487 1186 peritiffime
1518 1120 1694 1170 obivit.
1763 1121 1892 1171 lllud
1916 1124 2128 1177 mirum,

373 1187 518 1254 quod
540 1186 864 1247 Antiquitatis
889 1184 1131 1248 figmenta
1151 1186 1355 1235 veritate
1391 1185 1582 1248 superet
1594 1187 1787 1235 Natura
1809 1203 1821 1233 ε
1848 1200 1968 1233 nam
1988 1201 2128 1236 anno

378 1255 516 1305 1621,
538 1254 588 1300 in
611 1248 732 1298 urbe
753 1248 1038 1311 Aquitaniae
1065 1282 1079 1301 ,
1120 1263 1275 1311 quam
1305 1248 1480 1311 vulgus
1502 1248 1747 1304 Baionam
1771 1248 1890 1297 dicit
1908 1281 1922 1303 ,
1951 1261 2129 1297 natum

375 1317 623 1368 infantem
642 1312 851 1375 legimus
873 1344 886 1366 ,
913 1315 1097 1361 caeteris
1123 1310 1365 1360 membris
1388 1312 1516 1359 bene
1551 1310 1897 1376 compositum
1916 1343 1929 1366 ‚
1962 1312 2132 1361 multis

376 1394 548 1430 tamen
573 1377 732 1426 oculis
756 1390 842 1439 per
865 1387 1036 1424 totum
1058 1390 1243 1440 corpus
1270 1374 1617 1441 apparentibus
1639 1408 1652 1430 ,
1692 1387 1821 1439 quot
1847 1390 1941 1424 nec
1960 1375 2129 1440 Argus

377 1442 614 1509 praetulit,
636 1455 728 1488 nec
741 1441 879 1489 Pavo
911 1440 1118 1503 explicat
1141 1442 1189 1486 in
1209 1438 1421 1503 syrmate
1442 1438 1673 1502 superbo.
1741 1439 1945 1504 Septem
1967 1453 2128 1488 annos

377 1503 550 1573 postea
578 1500 876 1567 Olyffiponc
899 1503 1090 1550 editum
1122 1502 1290 1550 ferunt
1320 1503 1589 1551 mirabilius
1620 1502 1784 1551 adhuc
1808 1498 2094 1551 monstrum
2115 1535 2129 1557 ,

377 1585 560 1633 nempe
579 1570 756 1615 armati
776 1565 1149 1614 similitudinem
1170 1565 1386 1614 referens
1410 1583 1420 1613 :
1458 1568 1601 1615 variae
1625 1569 1762 1614 enim
1784 1568 2021 1619 carnis,&
2047 1581 2131 1615 cu·

377 1635 436 1682 tis
460 1629 770 1697 appendices,
791 1644 849 1676 ac
865 1627 1031 1690 figurae
1052 1629 1315 1678 militarem
1335 1633 1386 1677 in
1413 1629 1602 1677 infante
1623 1628 1854 1679 habitum
1876 1628 2131 1692 repraesen-

378 1693 568 1746 tarant,
592 1704 645 1740 ut
665 1706 831 1754 neque
853 1705 1034 1743 ocreae‚
1055 1705 1221 1751 neque
1239 1691 1378 1753 galea
1401 1690 1771 1739 desideraretur.
1872 1691 2002 1740 Illud
2020 1706 2130 1739 non

380 1755 740 1809 omittendum,
755 1753 1001 1810 ejusmodi
1021 1752 1226 1803 abortus
1247 1768 1356 1803 non
1373 1751 1488 1803 raro
1509 1756 1588 1802 irae
1601 1755 1798 1803 Divinae
1814 1756 2100 1824 interpretes
2113 1786 2128 1809 ‚

331 1829 344 1839 ”
383 1826 433 1873 ὃς
456 1821 796 1871 calamitatum
821 1815 913 1865 effe
937 1816 1247 1881 prodromos
1266 1816 1478 1864 feciales,
1546 1818 1625 1865 Sic
1637 1817 1798 1866 infans
1818 1817 2000 1881 duplici
2020 1831 2128 1871 ore,

384 1898 603 1949 quatuor
625 1881 809 1932 oculis,
837 1876 1091 1943 geminata
1112 1879 1340 1926 dentium
1368 1879 1514 1931 serie,
1547 1879 1882 1928 Antiochenae
1906 1878 2130 1929 Ecclcfiae

336 1963 349 1974 ·
385 1948 662 2000 schismata:
699 1942 833 1992 aliud
851 1939 1136 1990 monstrum
1156 1940 1474 2006 adffsyberim
1495 1941 1881 2006 deprehensum,
1901 1941 2134 1992 humano

386 2024 628 2077 corpore,
650 2008 810 2072 capite
836 2004 1027 2054 afinino
1043 2039 1056 2059 ,
1087 2003 1317 2053 manibus
1334 2038 1346 2058 ‚
1365 2003 1708 2070 pedibusque,
1738 2006 1971 2055 animalia
1998 2008 2132 2055 varia

385 2072 737 2126 referentibus,
756 2070 1089 2119 Novatorum
1117 2063 1273 2116 nostri
1301 2070 1539 2133 temporis
1562 2067 1761 2118 haereses
1788 2068 2131 2135 praefiguravit.

387 2142 466 2190 Sic
490 2138 706 2198 denique
727 2136 780 2183 in
800 2133 953 2196 Epiro
976 2147 1098 2196 puer
1115 2131 1299 2195 duplici
1321 2147 1555 2196 corpore,
1574 2148 1681 2181 uno
1700 2132 1949 2186 humano,
1975 2132 2134 2182 altero

390 2203 574 2252 canino
593 2198 822 2248 Albaniae
843 2195 1030 2247 clades;
1067 2193 1130 2244 sic
1153 2195 1285 2244 aliud
1306 2206 1598 2259 portentum
1626 2195 1689 2246 ad
1705 2196 1927 2252 Danubii
1953 2198 2132 2261 ripam,

390 2279 548 2331 prope
566 2261 759 2310 Budam
774 2292 786 2312 ,
806 2258 930 2306 facie
949 2259 1242 2310 hominem,
1262 2257 1458 2307 auribus
1482 2260 1733 2312 arcadem,
1753 2259 1977 2308 inferiori
1996 2271 2133 2323 parte

390 2342 588 2376 taurum
603 2323 967 2388 repraesentans,
984 2319 1135 2385 paulo
1155 2317 1268 2385 post
1287 2322 1470 2369 secutas
1492 2322 1794 2370 calamitates
1818 2323 1914 2371 toti
1930 2324 2135 2387 Hunga-

391 2393 470 2441 riae
503 2386 822 2453 praesignavit.
925 2386 1007 2434 De
1037 2385 1364 2448 Androgynis
1387 2384 1454 2432 nil
1485 2387 1657 2434 attinet
1681 2385 1843 2455 dicere
1864 2418 1878 2439 ,
1915 2387 2030 2448 quia
2059 2387 2135 2434 lo·-

391 2456 594 2516 quimur
613 2451 640 2508 J
647 2450 887 2498 uventuti.
957 2447 1085 2497 Illud
1107 2447 1251 2498 scito,
1278 2446 1382 2496 dari
1403 2445 1653 2504 monstra,
1671 2453 1856 2503 iexum‚
1872 2463 1981 2510 quae
2004 2448 2134 2496 clau-

393 2518 519 2572 dunt
541 2525 828 2573 utrumque.
860 2510 1120 2569 Ejusmodi.
1135 2509 1222 2562 ase
1235 2509 1389 2561 visum
1405 2542 1419 2567 ‚
1448 2510 1604 2563 asserit
1614 2513 1956 2577 Hieronymus
1977 2512 2132 2583 Mon-

1956 2587 2063 2623 tluS·
