2222 2905
125 1204 251 1249 Rom.

365 103 393 155 8
841 90 1114 158 Masefhlaeum
1149 96 1506 161 Peripateticum.

301 207 403 250 ret,
435 190 576 255 isque
606 191 936 257 ingeminaret
968 189 1231 239 irentidem
1253 222 1267 244 ,
1300 188 1395 238 sese
1422 179 1832 297 praedestinatum
1866 189 1930 240 ad
1954 189 2074 249 eius-

302 257 448 309 modi
475 257 638 306 furtas
683 257 857 318 utique,
881 254 1068 308 aiebat,
1086 253 1159 311 sed
1179 251 1419 312 &simula
1469 253 1673 312 ejusmodi
1695 251 1896 302 verbera.
1965 256 2074 308 His,

303 317 507 384 aliisque
540 318 810 384 prudentiae
841 318 1075 367 humanae
1113 317 1339 381 argutiis,
1375 327 1570 365 tantam
1605 317 1830 366 nominis
1859 316 2077 381 gloriam

302 385 517 437 Athenis
541 383 702 432 fuerat
733 382 965 447 adeptus,
988 394 1042 428 ut
1072 377 1270 428 corona
1302 394 1420 428 eum
1452 376 1601 429 aurea
1632 379 1884 429 donarent
1914 382 2075 434 cives,

304 448 464 498 fusam
486 463 543 495 ex
569 462 662 495 aere
684 448 911 495 Statuam
932 445 1201 507 erigerent,
1223 441 1462 507 >ipsasque
1493 442 1624 492 urbis
1648 442 1810 492 claves
1826 477 1838 497 ,
1862 443 2002 495 velut
2023 445 2076 492 in

305 526 483 560 manus
498 510 800 562 semi-DEI,
822 520 950 570 quot
970 507 1169 558 diebus,
1198 506 1538 570 deponerent,
1568 521 1683 555 raro
1699 505 1796 556 hos
1814 507 1941 556 inter
1954 521 2078 556 con-

302 574 503 624 tribules
525 573 774 637 exeranO.
842 570 1060 630 Accedit
1092 603 1104 623 ,
1149 567 1294 632 quod
1315 571 1539 633 genio&
1559 570 1766 634 ingenio
1786 568 2078 634 praeclarissi-

304 654 390 688 ma
417 639 656 691 nomina,
689 635 807 684 huic
840 633 993 683 Seecae
1036 631 1345 686 accesserint,
1376 628 1706 695 Zenonisque
1734 632 2075 698 Philosophia,

304 717 402 767 prae
424 702 623 763 reliquis
646 699 920 764 plurimos,
942 697 1024 747 vel
1048 696 1114 745 ad
1146 696 1453 745 aemulorum
1483 696 1755 752 invidiam,
1787 709 2077 747 numeraret

307 765 601 816 Sestatores.

431 827 629 877 LEUC:
699 826 797 875 Hic
818 838 939 888 ergo
960 825 1147 890 primus
1170 825 1427 888 ingenium
1448 822 1512 873 sic
1534 822 1625 873 soli
1650 822 1854 875 sacravit
1872 823 2074 879 Palladi,

304 903 361 942 ut
381 891 486 940 haec
509 891 577 939 illi
599 889 825 939 honores
854 890 954 938 fine
975 890 1171 942 virtute,
1185 900 1240 936 ut
1266 888 1702 937 immortalitatem
1728 890 1950 937 nominis
1977 886 2078 937 fine

302 958 414 1006 vitae
433 954 747 1019 integritate?
814 954 971 1000 MEL:
1008 966 1154 1004 erras,
1175 949 1388 999 nonnisi
1409 951 1597 1016 spurius
1618 950 1793 1001 honor
1816 948 1911 1006 est,
1932 947 2079 1016 ignis-

305 1034 406 1082 que
437 1018 626 1072 fatuus,
655 1015 690 1065 si
720 1016 884 1065 luceat
912 1013 1095 1078 absque
1121 1013 1383 1079 splendore
1413 1016 1620 1064 virtutis,
1724 1018 1992 1065 Zenonem
2026 1015 2081 1063 in

304 1082 520 1131 tenebris
542 1081 748 1129 ethnicis
768 1078 803 1128 fi
826 1078 1018 1127 luscum
1035 1077 1191 1130 vides,
1249 1078 1333 1126 uid
1358 1077 1504 1125 inde?
1541 1076 1603 1126 ad
1621 1075 1738 1126 fidei
1761 1078 1938 1127 lumen
1956 1092 2080 1127 con-

303 1146 549 1211 templare
590 1143 722 1193 hanc
773 1142 1019 1192 noemam
1048 1175 1062 1195 ,
1117 1144 1165 1190 ὅ(
1220 1144 1234 1189 1
1262 1141 1432 1205 upebis
1471 1142 1745 1191 caeeitatem
1791 1141 2080 1197 Cimmeriis

307 1210 515 1273 dignam
543 1207 758 1256 tenebris
798 1225 808 1254 ε
846 1198 990 1266 sempe
1027 1203 1290 1261 obscuratam
1330 1203 1384 1257 est
1432 1203 1623 1263 infipiens
1652 1221 1722 1250 cor
1758 1220 1917 1250 eorum.
2002 1205 2082 1253 En

306 1273 513 1324 DEUM
533 1305 546 1326 ,
583 1286 739 1334 quem
766 1268 966 1335 Sophus
992 1268 1073 1316 hic
1096 1267 1304 1316 credidit
1327 1269 1531 1315 unicum
1549 1300 1561 1320 ,
1598 1267 1831 1315 laudabili
1855 1269 2079 1320 veritate,

309 1336 545 1387 deteriori
563 1350 688 1384 mox
715 1333 920 1382 falsitate
943 1330 1036 1380 ess'e
1056 1333 1278 1379 animam
1299 1330 1476 1378 docuit
1495 1363 1508 1382 ,
1545 1345 1654 1392 quae
1686 1329 1804 1378 huic
1834 1329 2084 1395 spectabili

305 1399 507 1452 mundo
534 1432 546 1454 ,
583 1398 720 1448 velut
742 1398 948 1461 corpori
971 1396 1106 1443 unita
1135 1426 1148 1448 ,
1186 1395 1428 1441 animaret
1449 1392 1764 1440 inconditam
1793 1392 1924 1452 hanc
1942 1405 2084 1442 terrae

308 1464 509 1514 molem·
535 1480 543 1510 :
583 1464 633 1512 ὃς
662 1461 784 1523 quid
806 1460 897 1507 'tali
922 1454 1154 1507 monstro
1194 1454 1313 1520 fingi
1335 1454 1482 1520 poffit
1509 1455 1760 1519 ineptius?
1795 1471 1870 1504 res
1900 1471 2083 1504 omnes

307 1525 719 1578 incommutabili
742 1523 921 1573 ordine
953 1555 966 1575 ,
1003 1517 1192 1583 fataliq3
1227 1520 1423 1585 prorsus
1453 1518 1735 1568 necestitate
1766 1554 1778 1569 ‚
1816 1518 1880 1567 fic
1906 1520 2046 1569 volvi
2067 1552 2083 1572 ,

309 1585 585 1652 evolvique
606 1587 799 1636 asseruit
819 1620 832 1641 ,
867 1598 923 1634 ut
956 1585 1120 1633 fatum
1141 1583 1244 1633 hoc
1268 1616 1281 1637 ,
1332 1581 1528 1647 ipsimet
1567 1584 1685 1641 Jovi
1724 1581 2082 1647 insuperabile,

308 1652 483 1704 caetera
506 1654 888 1715 omnipotentes
912 1682 925 1703 ,
962 1648 1055 1696 hac
1083 1660 1256 1696 tamen
1278 1662 1335 1694 ex
1363 1658 1498 1709 parte
1526 1645 1752 1694 imbelles
1782 1647 1955 1709 ligaret
1979 1661 2085 1694 ma-

308 1733 403 1767 nus
434 1735 444 1764 :
483 1717 672 1779 &quid
703 1714 911 1778 cogitari
938 1709 1097 1776 poffet
1130 1711 1310 1759 rationi
1332 1708 1651 1758 difformius?
1685 1708 1890 1762 scelera,
1911 1705 2087 1758 statera

311 1779 531 1831 nimium
575 1774 759 1827 dolosa
792 1775 1002 1825 librabat
1031 1809 1043 1829 ,
1079 1773 1267 1822 cuncta
1288 1773 1508 1831 ejusdem
1538 1771 1774 1838 ponderis
1792 1769 2085 1826 allevemus,

313 1839 607 1906 eodemque
621 1876 633 1896 ,
656 1839 955 1890 crediderim
969 1872 981 1892 ,
1000 1839 1241 1902 supplicio
1263 1833 1540 1885 damnasset
1559 1837 1829 1886 Neronem
1843 1868 1855 1889 ,
1891 1834 2086 1886 saevien-

313 1921 421 1957 tem
438 1910 491 1964 ,in
509 1906 745 1955 homines
768 1938 780 1959 ,
817 1919 874 1952 ac
894 1904 1254 1951 Domitianum
1283 1899 1567 1948 fievientem
1586 1901 1639 1948 in
1661 1897 1869 1948 muscas,
1949 1900 2087 1948 Sileo

315 1971 573 2020 sexcentos
593 1984 784 2018 errores
799 1969 876 2020 ,in
903 1981 1032 2029 quos
1053 1966 1176 2014 dum
1198 1963 1354 2028 lapsus
1377 1959 1445 2011 est
1471 1975 1644 2012 mente
1675 1996 1688 2016 ,
1724 1961 1845 2026 quid
1863 1964 2055 2012 mirum
2075 1995 2091 2017 ,

314 2032 350 2085 si
373 2035 670 2097 vertiginem
692 2029 847 2096 paffus
871 2065 883 2081 ,
921 2029 1129 2077 tandem
1149 2028 1305 2097 lapsus
1329 2023 1398 2075 est
1415 2027 1665 2092 corpore?
1700 2040 1821 2073 nam
1847 2027 1985 2090 gravi
2013 2041 2090 2076 ca-

315 2096 369 2148 su
391 2095 625 2146 afflittam
645 2128 658 2149 ,
695 2095 918 2144 violenta
940 2104 1109 2142 morte
1131 2125 1143 2145 ,
1179 2092 1266 2143 libi
1295 2092 1518 2140 animam
1543 2088 1727 2153 expulit
1741 2105 1755 2141 5
1790 2087 1998 2143 scilicet,
2034 2100 2092 2137 ut

317 2160 459 2214 fato,
494 2158 637 2223 quod
652 2157 792 2209 finxit
808 2159 950 2208 vivus
975 2187 988 2209 ,
1024 2155 1330 2205 concederet
1355 2164 1589 2202 mortuus
1620 2185 1632 2206 ,
1670 2151 1848 2200 erroris
1869 2154 2020 2202 etiam
2039 2154 2093 2200 in

315 2236 486 2273 morte
500 2219 737 2287 Magister
760 2255 773 2276 ,
810 2235 910 2284 qua
941 2218 1068 2268 falso
1105 2218 1240 2266 docti
1275 2251 1288 2271 ,
1325 2229 1434 2265 tum
1453 2212 1676 2265 docuere
1696 2214 1947 2279 discipuli,
1983 2217 2093 2265 vio-

319 2288 474 2401 lSentas
493 2285 580 2334 fibi
599 2300 776 2334 manus
789 2265 971 2333 infeste
989 2281 1293 2348 probrosum
1303 2295 1412 2332 non
1425 2277 1518 2330 esse
1530 2311 1543 2334 ,
1563 2278 1644 2328 sed
1657 2278 1935 2344 gloriosum
1948 2311 1962 2336 ,
1977 2280 2095 2343 quia

358 2363 572 2399 toicurn.
887 2371 889 2374 .

450 2411 647 2462 LEUC:
683 2406 959 2475 Depinxisti
995 2420 1170 2475 protot
1191 2421 1312 2473 rpon
1339 2398 1631 2457 ¹ambullatae
1659 2406 1712 2454 in
1731 2403 2095 2457 Ethnjcovani-

321 2478 448 2525 tatiS.
527 2473 628 2523 Vel
649 2487 775 2522 unus
799 2472 923 2521 mihi
946 2476 1090 2523 Zeno
1105 2423 1375 2523 sufficeret,
1399 2467 1660 2535 proposito
1681 2468 1909 2517 lemmati
1926 2468 1995 2517 sat
2012 2483 2093 2532 ap-

319 2550 399 2592 tus
417 2535 574 2590 testis:
615 2533 761 2602 quod
785 2536 895 2603 plus
918 2548 1103 2588 noceat
1119 2569 1132 2592 ‚
1169 2534 1326 2599 quam
1348 2532 1530 2586 doceat
1550 2530 1656 2586 sola
1673 2530 1777 2586 fine
1802 2533 1982 2598 virtute
2010 2530 2092 2577 sci-

1861 2603 2025 2645 entia:
2084 2623 2085 2627 =
