2205 2905
676 98 810 149 Acta
836 96 1166 164 Phizoffiphim
1716 95 1785 159 15³

85 196 296 251 habebit
323 196 536 265 spartam
555 191 838 254 difficilem,
863 198 950 263 qui
979 209 1086 247 tam
1113 190 1259 247 facile
1288 192 1692 260 extorquendam
1722 187 1843 239 huie

86 263 296 314 Herculi
323 264 520 313 clavam
545 260 726 326 sperat:
772 261 882 311 sunt
912 264 1050 311 enim
1076 260 1234 327 Sophi
1268 261 1491 316 emeriti,
1517 264 1570 309 in
1592 260 1846 322 Prytaneo

87 325 226 377 certe
255 326 445 380 alendi,
471 327 558 388 qui
576 325 788 375 feliciori
809 325 976 375 forsan
993 327 1274 390 impendio,
1297 327 1636 389 experimenta
1648 318 1850 392 Mathe-

85 390 220 442 seos,
246 391 334 440 illo
355 389 481 439 solvi
500 404 610 438 non
639 388 930 440 diffitentur,
1031 388 1194 452 Quod
1216 387 1251 437 si
1270 387 1531 438 fictionem
1551 404 1646 452 pro
1673 394 1849 435 verita-

86 467 154 512 te,
174 451 474 519 hypothesin
496 468 591 518 pto
611 452 734 502 thefi
744 454 977 519 Peripato
1003 452 1244 502 obtrudat
1262 453 1512 505 venalem,
1531 446 1718 500 merito
1742 446 1850 496 sub·
1967 454 2016 502 a:

85 517 265 577 jacebit
298 516 535 572 censum,
559 531 681 582 quas
712 518 765 566 in
800 517 946 566 illum
972 519 1241 568 Romanus
1262 516 1472 581 Jupiter.
1500 531 1544 564 a.
1581 514 1636 564 A
1665 511 1847 577 quibus
1876 514 1988 565 Urb.
2012 517 2066 565 8:

84 580 384 644 neutiquam
411 583 673 645 immunes
690 577 848 630 nostri
866 582 1110 646 temporis
1131 582 1427 631 Novatores
1441 612 1455 635 ‚
1476 579 1564 642 qui
1586 576 1688 627 hoc
1707 571 1850 641 syste-
1872 597 1919 628 a.
1937 581 2086 637 1633.‘

85 660 198 700 ma,
220 645 361 694 velut
381 645 566 694 rationi
583 644 904 694 conformius
925 659 1267 709 propugnare,
1288 646 1442 693 etiam
1473 646 1526 692 in
1545 640 1669 690 thefi
1690 639 1850 712 pubii-
1877 639 2097 704 2251aean

85 706 146 758 ce
168 724 278 759 non
301 720 553 757 verentur.
651 709 715 758 Et
735 709 951 759 utinam!
988 705 1097 756 heri
1116 720 1232 757 nata
1255 707 1361 757 haec
1383 710 1433 756 in
1459 707 1691 771 Peripato
1710 704 1849 759 loha,

85 787 208 822 curn
231 771 442 822 Galilaeo
472 772 849 837 septuagenario
871 804 885 827 ‚
907 771 1222 837 palinodiam
1252 786 1432 821 canere
1462 786 1573 820 non
1602 767 1854 819 erubesce-

86 847 221 890 rent,
246 836 468 900 saperent
483 836 655 884 saltem
683 852 802 885 cum
826 837 983 890 Sene,
1006 837 1093 899 qui
1115 851 1235 884 cum
1255 836 1453 894 Juvene
1485 833 1584 882 defi
1624 848 1707 881 ere
1738 847 1850 883 non

87 895 395 948 recusarunt.
464 900 627 965 Qod
655 901 830 947 attinet
856 900 1046 962 reliqua
1067 897 1254 949 Mundi
1272 894 1548 963 systemata,
1592 898 1713 947 icuti
1730 911 1851 945 cun-

86 961 163 1011 &a
185 961 385 1027 placent
407 976 466 1010 ex
488 973 650 1026 parte,
670 963 736 1010 ita
764 961 961 1011 nullum
984 962 1227 1027 probatur
1251 978 1310 1010 ex
1328 973 1461 1012 toto.
1563 963 1694 1013 Non
1714 960 1849 1007 Semi-

87 1027 430 1087 Copernicanum,
456 1026 571 1086 quia
591 1022 675 1073 etsi
693 1023 897 1074 Phoebo
915 1038 1122 1074 motum
1148 1025 1332 1075 tribuat
1349 1041 1594 1080 annuum,
1617 1037 1758 1073 terrae
1778 1035 1850 1072 ta·

88 1103 210 1138 men
234 1087 424 1152 affingit
447 1088 699 1137 diurnum.
770 1089 899 1138 Non
911 1090 1467 1152 Anaximandricum,quia
1479 1090 1657 1139 Solem
1679 1091 1728 1138 δε
1747 1089 1849 1151 Lu-

89 1168 208 1201 nam
233 1154 379 1216 ponit
397 1152 524 1200 inter
543 1150 768 1201 Planetas
786 1152 1019 1216 supremo
1043 1151 1192 1200 loco:
1229 1167 1339 1200 non
1350 1154 1707 1213 Porphyrianum‚
1730 1151 1849 1215 quia

90 1215 263 1272 iisdem
286 1214 515 1264 infimam
537 1215 620 1264 dat
636 1212 923 1264 stationem.
962 1217 1091 1270 Non
1103 1215 1391 1264 Platonicum,
1405 1218 1521 1279 quia
1531 1217 1851 1265 Mercurium

87 1275 375 1329 constanter
395 1277 555 1328 afferit
575 1278 716 1344 supra
729 1279 1013 1329 Venerem:
1050 1293 1161 1327 non
1185 1279 1524 1330 Ptolomaicum‚
1549 1282 1599 1331 ὃς
1622 1281 1848 1342 >AEggjptz'cz-

87 1358 198 1397 cum,
219 1342 336 1405 quia
365 1356 474 1392 non
494 1341 604 1392 sunt
626 1342 874 1392 solvendis
901 1343 1272 1391 Recentiorum
1301 1342 1654 1401 Phaenomenis
1678 1360 1688 1390 ε
1735 1354 1848 1392 non

85 1406 517 1467 Semi-Tychonicum
533 1409 648 1469 quia
672 1405 741 1454 sat
758 1404 953 1454 videtur
974 1404 1348 1454 inordinatum:
1386 1422 1495 1455 non
1515 1406 1733 1469 denique
1761 1405 1844 1465 'Iy-

87 1471 304 1516 chonicum
330 1501 343 1524 ‚
376 1468 550 1532 quoad
581 1470 783 1521 omnia,
818 1466 884 1517 eo
909 1466 1054 1531 quod
1073 1468 1215 1518 subin
1235 1469 1383 1517 faeiat
1408 1471 1657 1525 Martem,
1680 1472 1729 1520 ὅ(
1751 1470 1781 1526 J
1786 1486 1843 1518 o-

85 1548 206 1582 vem
228 1545 367 1581 terrae
399 1528 549 1580 nimis
569 1533 790 1587 vicinos,
815 1531 956 1582 subin
982 1528 1133 1581 nimis
1167 1545 1414 1583 remotos.
1516 1532 1644 1582 Illud
1674 1532 1840 1586 addo,

85 1593 230 1659 quod
255 1597 381 1644 inter
407 1596 713 1647 Planetarios
743 1608 916 1645 motus
943 1597 1216 1662 praeprimis
1246 1596 1457 1645 arrideat
1492 1596 1700 1660 spirans,
1723 1599 1842 1661 quia

85 1660 323 1709 omnium
345 1657 742 1723 fimplicissimus‚
763 1675 850 1724 per
870 1675 1027 1724 quem
1048 1659 1290 1715 Planetas‚
1304 1675 1441 1711 nunc
1461 1662 1526 1710 ad
1551 1661 1744 1711 sensum
1767 1676 1840 1709 re-

84 1722 378 1788 trogrados‚
407 1736 544 1787 nune
573 1720 914 1779 stationarios,
943 1739 1079 1773 nunc
1108 1739 1371 1789 apogaeos,
1405 1740 1542 1773 nune
1569 1728 1838 1790 perigaeos‚

84 1789 237 1835 etiam
267 1798 410 1850 tyro,
435 1787 487 1834 in
510 1782 886 1836 Astronomico
915 1789 1090 1835 limine
1112 1819 1125 1841 ‚
1155 1785 1535 1837 demonstrabit.
1603 1789 1702 1839 Sed
1729 1785 1839 1836 satis

84 1849 147 1898 de
161 1850 435 1899 Coelorum
458 1848 722 1913 hypothesi
738 1866 750 1902 3
765 1849 956 1914 fingant
967 1848 1292 1905 Astronomi,
1306 1851 1465 1916 Sophi
1481 1851 1839 1917 philosophen-

86 1926 189 1962 tur:
228 1927 492 1976 pergamus
515 1911 577 1959 ad
598 1915 828 1961 certiora.

210 1976 435 2027 LEUCr
479 1976 607 2039 Qae
636 1988 690 2024 tu
709 1977 919 2025 certiora
938 1978 990 2025 in
1011 1973 1228 2026 fidei-um
1251 1979 1411 2027 Patria
1426 2011 1438 2033 ,
1459 1991 1613 2040 quam
1629 1977 1838 2029 invisere

84 2037 322 2089 haetenus
341 2042 632 2090 concessum
651 2036 720 2087 est
738 2041 891 2090 nulli?
926 2039 1137 2089 oculum
1165 2041 1200 2090 s1
1230 2057 1433 2105 quaeras,
1464 2043 1841 2107 exploratorem
1888 2057 1891 2060 ·

85 2114 362 2157 armatum,
381 2101 408 2151 a
424 2099 579 2170 longe
600 2102 773 2152 afferet
796 2104 843 2152 se
870 2102 1140 2167 inspexisse,
1166 2120 1261 2154 nec
1282 2105 1451 2155 vidiffe
1478 2107 1526 2155 se
1558 2107 1841 2170 quidquam

88 2163 448 2228 certiu82quam
468 2166 612 2231 quod
634 2169 810 2216 omnia
833 2166 924 2216 smt
946 2171 1148 2216 incerta.
1198 2168 1418 2219 Forsitan
1433 2171 1836 2235 Meteorologia,

89 2245 199 2295 pars
221 2230 301 2278 illa
322 2227 535 2292 Phyficae
563 2228 742 2280 nostrae
770 2234 1053 2283 amoenior,
1075 2233 1328 2297 explorata
1349 2231 1509 2297 magis
1530 2233 1707 2282 reddet
1732 2236 1838 2283 Na-

82 2307 201 2345 turae
221 2291 475 2358 prodigia?
534 2296 690 2342 MEL:
757 2297 934 2344 Tei-res
958 2291 1218 2344 meisthoc
1238 2301 1467 2353 nomine,
1481 2300 1595 2360 quia
1614 2296 1832 2347 nimium

80 2354 249 2406 vasto:
285 2354 537 2407 theatrum
565 2361 743 2424 aperit,
766 2358 909 2423 quod
939 2360 1153 2409 modico
1177 2360 1387 2412 discursu
1414 2377 1523 2417 non
1549 2361 1691 2416 licet,
1714 2377 1831 2426 pro-

82 2421 186 2470 lixo
207 2435 317 2470 non
334 2419 473 2470 lubet
500 2421 779 2473 decurrere.
862 2422 1028 2473 Habes
1046 2427 1097 2473 in
1119 2439 1274 2474 manu
1295 2427 1577 2490 epitomen,
1599 2440 1752 2489 quam
1774 2428 1831 2474 ti-

86 2484 137 2533 bi
156 2499 289 2603 nons
284 2487 351 2532 ita
371 2485 567 2603 pii-idem
585 2487 668 2541 lux
686 2486 912 2557 publica:
935 2485 1223 2543 curiositatis
1247 2499 1340 2542 tuae
1360 2493 1535 2544 orexin
1556 2489 1722 2540 satiare
1738 2503 1833 2552 po»

92 2561 230 2611 tens,
277 2565 291 2603 1
312 2563 372 2601 VC
411 2564 446 2602 S.

1882 232 2092 298 Tacquet.
2111 301 2114 304 ἱ
