2177 2905
747 107 930 169 Oedipus
949 104 1161 168 Phyficus.
1657 117 1680 152 ι
1689 117 1750 166 99

61 202 211 255 niolae
230 202 402 255 Inffilae
418 198 686 254 Provincia
704 217 885 253 aurum
897 235 910 257 ,
923 201 1162 252 fruticum
1190 217 1354 258 more,
1373 198 1401 253 ὲ
1421 213 1549 252 terra
1575 201 1816 271 crescere,

62 270 114 320 δε
138 256 248 318 vitis
269 265 416 317 instar
437 267 624 331 serpere
645 279 848 332 propter
864 266 1105 315 arborum
1130 266 1335 315 radices,
1403 268 1523 316 Hoc
1542 265 1698 330 ipsum
1719 268 1818 328 ipe-

61 331 317 381 staculum
341 330 492 380 nobis
509 330 708 378 exhibet
728 331 922 379 Natura
943 328 1076 394 apud
1095 331 1335 381 Firmium
1356 329 1567 382 Urbem,
1581 328 1666 377 ubi
1684 327 1818 392 juxta

62 397 187 445 vites
204 395 425 460 capreoli
447 389 565 442 vere
588 396 723 442 aurei
747 393 977 457 surgunt,
1002 395 1125 443 &ex
1141 393 1196 450 ijs
1213 404 1426 442 moneta
1439 391 1654 444 cuditur,
1667 391 1815 439 Croe·

61 458 121 509 fis
143 458 383 508 omnibus
410 455 710 509 invidenda,
728 456 779 504 id
804 455 946 519 quod
978 471 1039 504 ex
1066 457 1276 505 oculatis
1303 452 1505 504 testibus
1526 455 1571 503 se
1600 450 1818 502 didicisse
1849 492 1865 539 l
2018 489 2050 538 6

61 521 210 572 tradit
230 519 483 585 Fulgosus.
553 518 843 568 Confirmat
863 519 914 567 id
934 518 1094 585 ipsum
1107 520 1345 584 Scaliger:
1380 520 1431 568 in
1445 518 1703 581 Hungaria
1726 517 1816 562 exi·
1851 503 2004 604 ΕΜ·
2050 525 2065 540 ·

60 601 109 632 re
131 600 285 630 aarum
306 584 328 630 ι)
348 583 487 629 Terrae
497 581 586 639 sblo
601 617 617 633 ,
664 581 1025 640 uafigerminans‚
1040 582 1248 641 filamenci
1262 584 1411 645 specie.
1447 583 1721 632 Pannoniae
1743 579 1816 628 ni·
1879 571 1986 604 ‘xer'

58 647 130 697 hil
152 646 284 695 cedit
306 645 581 696 Germania
596 677 610 698 ,
651 645 879 707 iquidem
904 645 1194 695 Alexander
1216 646 1281 696 ab·
1303 644 1600 696 Alexandro
1618 640 1689 692 est
1706 644 1817 692 Au·
1855 631 1960 667 ¹0²·

59 710 207 765 thor,
222 712 273 759 in
293 710 565 759 Germania
592 709 822 757 citeriore
851 709 975 758 vites
996 710 1127 767 juxta
1147 709 1472 764 Danubium,
1491 704 1602 757 tota
1629 706 1817 772 hyeme

60 771 490 839 insepultas‚saepe
510 772 563 820 in
592 768 754 820 aestate
782 775 1051 835 pampinos
1076 788 1257 821 aureos
1287 774 1678 838 progerminare.
1759 768 1820 819 Id

59 837 223 901 ipsum
247 835 573 884 Authoritate
593 831 674 882 sua
695 833 906 884 roborat
927 835 1167 885 Albertus
1190 838 1423 900 Magnus,
1442 838 1529 898 qui
1549 848 1729 883 aurum
1746 834 1818 882 in-

60 911 136 947 ter
165 900 338 948 dentes
357 898 568 946 humani
597 898 766 960 capitis
792 898 1083 952 inventurn,
1105 897 1441 962 effossumque
1467 899 1691 948 hominis
1716 911 1818 945 cra·
1899 953 1901 955 ¹

60 964 205 1010 nium
236 957 384 1009 aurea
406 960 580 1007 scrobe
607 960 844 1023 plenum,
885 957 1012 1009 testis
1035 958 1105 1009 est
1120 960 1546 1026 locupletissimus.
1597 959 1816 1010 Alberto
1853 967 1907 1010 P.
1924 962 2028 1010 Cha.

56 1027 262 1090 ⁴Magno
290 1021 484 1070 accedit
511 1023 753 1071 Albertus
780 1025 980 1078 minor,
1007 1026 1093 1087 qui
1121 1026 1174 1072 in
1196 1021 1404 1089 vestigio
1416 1024 1674 1075 Bohemiae
1697 1026 1813 1088 pize,
1848 1027 2024 1088 nomsktj.

62 1088 129 1139 sic
147 1084 381 1136 testatum
403 1085 617 1147 reliquit.
685 1087 801 1132 Illud
817 1088 861 1131 in
884 1089 1064 1134 metallis
1091 1087 1145 1140 est
1173 1090 1492 1139 admirandum,
1507 1088 1626 1151 quad
1643 1102 1816 1141 aurum,

63 1154 124 1200 (φ’
147 1163 371 1210 argentum
405 1150 448 1194 in
470 1149 676 1195 Bohemia
695 1149 843 1208 Jc'epius
872 1150 893 1195 e*
924 1162 1048 1195 terra
1077 1153 1121 1196 in
1146 1152 1283 1197 altum
1304 1154 1557 1210 virgarum,
1581 1154 1638 1199 &⁴
1659 1150 1816 1196 culmo-

61 1231 158 1263 rum
177 1212 306 1267 instar
325 1214 589 1259 excreverit.
642 1212 722 1261 Sic
734 1211 968 1260 fodinam
988 1214 1478 1279 Kuttenbergensem
1500 1212 1527 1263 ὲ
1545 1210 1816 1264 Monacho

61 1277 310 1327 detestam
326 1308 338 1329 ,
360 1279 410 1325 ὅς
431 1274 495 1324 ab
513 1275 614 1333 ejus
636 1273 809 1324 habitu
832 1277 897 1324 ita
920 1278 1242 1324 nominatam
1275 1275 1452 1325 asserit.
1517 1278 1600 1327 Sic
1619 1275 1819 1328 Rudol-

59 1340 218 1406 phin.
235 1339 433 1389 Caesaris
447 1351 606 1393 aetate,
622 1340 673 1387 in
685 1337 910 1403 Pragenfi
929 1339 1392 1390 viciniaMefl‘orum
1404 1341 1623 1402 aliquem
1648 1373 1662 1395 ,
1691 1341 1820 1388 inter

58 1406 208 1468 spicas
217 1403 331 1452 alias
343 1403 573 1451 culmum
587 1417 794 1451 aureum
808 1401 1270 1457 demcffuiffe,idem
1280 1403 1377 1467 ipse
1388 1402 1487 1452 fide
1499 1401 1731 1453 historica
1744 1417 1821 1451 re-

58 1470 181 1521 fert,
204 1483 265 1516 ac
288 1462 610 1519 contestatur,
679 1465 806 1528 Qis
827 1468 977 1529 igitur
991 1466 1082 1515 ibit
1107 1466 1320 1519 inficias,
1343 1482 1523 1515 aurum
1545 1468 1746 1520 nutriri,
1767 1468 1820 1516 &

55 1530 302 1581 crescere?
337 1532 446 1592 quis
470 1529 847 1593 operationibus
872 1527 1007 1578 adeo
1041 1526 1328 1578 contestaris
1356 1531 1690 1594 vegetativam
1718 1530 1820 1577 ani-

57 1609 201 1643 mam
223 1592 469 1655 deneget?
499 1588 634 1640 certe
655 1593 736 1640 cui
758 1593 917 1655 virgas
937 1604 1108 1641 aureas
1129 1608 1238 1641 non
1270 1592 1530 1657 persuadet
1548 1605 1685 1641 tanta
1706 1594 1817 1642 Au-

57 1656 299 1710 thoritas‘⁷
319 1671 394 1704 nae
412 1655 493 1703 ille
515 1654 790 1713 censoriam
817 1668 1037 1704 meretur
1069 1656 1346 1720 virgulam,
1369 1668 1454 1704 aut
1477 1656 1616 1705 ilIam
1628 1655 1811 1709 Midae,

58 1735 171 1784 quae
188 1720 366 1783 longas
388 1718 598 1766 denotat
625 1717 941 1782 appendices.
1022 1720 1097 1768 Ita
1118 1719 1403 1768 Diei-atores
1423 1716 1524 1774 isti,
1550 1723 1637 1782 qui
1657 1718 1817 1768 veluti

59 1787 123 1834 de
152 1782 419 1847 triumpho
441 1782 542 1840 jam
566 1780 720 1831 securi
742 1814 757 1837 ,
787 1781 1052 1846 quadrigas
1077 1797 1248 1831 aureas
1274 1785 1327 1831 in
1358 1783 1671 1848 Capitolium
1700 1782 1811 1831 diri-

93 1858 199 1896 unt.

57 1861 91 1912 g
185 1907 383 1958 LEUC:
451 1905 691 1978 Sequuid
718 1905 780 1954 ad
809 1903 895 1954 ista
917 1908 1201 1971 Peripatus?
1232 1923 1296 1956 an
1325 1920 1580 1972 argenteas
1599 1908 1809 1972 segetes,

57 1969 332 2033 aureasque
355 1967 517 2018 aristas
551 1972 583 2017 e'·
600 1968 1168 2034 Philosophicokfundm
1193 1968 1276 2019 sua
1306 1971 1480 2036 sponte
1496 2005 1510 2025 ,
1535 1971 1809 2021 excrescere
1872 2021 1874 2023 ,

57 2033 375 2085 affeverabit?
439 2034 599 2078 MEL:
664 2034 819 2078 Nimis
836 2033 1062 2084 credulam,
1087 2032 1142 2082 sit
1166 2035 1807 2096 aitSeneca,Philofhphorum

55 2100 298 2148 Nationem
320 2091 587 2148 existimat,
616 2097 701 2158 qni
724 2097 815 2145 aevi
837 2098 935 2150 sui,
957 2098 1006 2146 ὅ(
1025 2095 1184 2146 saeculi
1211 2096 1406 2146 securus
1435 2098 1677 2154 nimium,
1693 2097 1808 2147 talia

54 2161 273 2214 eruditis,
288 2172 529 2223 tanquam
549 2158 685 2208 horti
706 2159 735 2207 s
727 2160 773 2208 ui
791 2159 1073 2224 peponibus
1089 2161 1257 2223 ,loqui
1274 2176 1384 2210 non
1402 2174 1638 2213 veretur..
1684 2161 1812 2210 Ani-

53 2226 181 2274 mari
203 2224 401 2272 metalla
416 2256 432 2276 ,
454 2225 504 2273 ὅ(
522 2225 708 2276 vivere,
734 2237 893 2271 nemo
916 2222 1005 2272 fibi
1023 2224 1320 2289 persuaserit,
1347 2224 1432 2274 nifi
1455 2228 1566 2287 qui,
1586 2228 1709 2276 Fato
1721 2225 1812 2288 Py-

54 2288 274 2352 thagorae
298 2289 476 2338 Stoico
500 2319 512 2341 ‚
551 2288 727 2334 omnia
753 2286 949 2335 somnia
975 2290 1136 2338 credit
1177 2286 1270 2336 effe
1292 2290 1531 2338 Oracula,
1629 2291 1757 2339 Non
1779 2281 1809 2336 ὲ

55 2354 221 2402 Terrae
250 2350 414 2401 fundo
441 2384 454 2405 ‚
488 2350 569 2399 sed
600 2345 628 2398 ὲ
661 2350 1086 2415 Philosophorum
1117 2354 1442 2414 quorundam
1468 2353 1677 2403 cerebro
1705 2352 1806 2399 suc·

49 2413 272 2464 crescunt
295 2415 374 2464 hae
393 2429 550 2463 aureae
560 2415 768 2464 Mundo
784 2416 989 2479 segetes,
1010 2432 1135 2481 quas
1149 2413 1250 2464 fine
1268 2417 1423 2466 invidi
1480 2458 1483 2463 .
1501 2417 1571 2467 illi
1593 2414 1678 2482 ipsi
1698 2413 1806 2463 Au-

54 2478 229 2529 thores
250 2490 470 2532 metant,
492 2493 552 2525 ac
582 2478 634 2525 in
654 2475 834 2528 horrea
857 2480 1111 2545 colligant.
1213 2479 1414 2544 Argum
1485 2492 1533 2529 ta
1549 2515 1562 2535 ‚
1586 2495 1694 2545 quae
1715 2492 1802 2541 og·

51 2551 254 2611 gerunt,
267 2541 381 2608 plus
393 2540 584 2593 habent
600 2540 890 2608 splendoris,
907 2545 1077 2596 minus
1093 2542 1377 2596 soliditatis:
1410 2542 1541 2596 adeo
1561 2559 1669 2595 non
1691 2554 1804 2589 om·

1654 2620 1738 2661 ne,
