2177 2905
89 131 93 134 ’
672 120 867 170 Ariadne
890 118 1080 183 Physica,
1627 136 1646 170 1
1662 134 1682 182 ς
1693 135 1717 183 3

26 212 133 282 quo
159 212 336 266 minus?
352 215 723 267 miraculosam.
819 220 924 278 Qis
946 233 1027 263 non
1057 212 1332 278 obsttaepeJZ-at‚
1356 213 1390 267 ss
1416 214 1608 269 videat,
1639 212 1787 279 quod

25 281 157 332 hane
183 282 420 332 virtutem
443 295 537 330 nec
556 281 834 345 impediant
850 278 1138 339 interposita
1158 280 1486 344 corpora,nili
1504 279 1660 328 ferrea
1684 278 1788 329 for-

27 345 137 399 san,
161 360 270 408 quae
295 342 521 409 diffipant
547 346 650 393 vim
678 344 1018 393 attrastivam?
1066 341 1211 406 ‘quod
1240 344 1489 408 applicato
1515 344 1787 405 Magnete,

29 409 242 472 Magnes
261 408 478 456 dimittat
499 408 706 461 ferrum,
721 409 835 471 quia
850 406 1015 457 minus
1034 407 1287 456 amicum?
1325 404 1468 469 quod
1497 406 1628 462 juxta
1659 405 1789 470 posi-

34 484 92 520 to
117 471 381 520 adamante
405 468 594 520 ferrum
624 486 731 519 non
759 469 926 520 modo
950 486 1061 520 non
1088 472 1243 535 rapiat
1265 503 1278 524 ,
1302 469 1383 518 sed
1407 471 1560 518 etiam
1589 481 1792 533 raptum

39 534 283 584 dimittat?
319 537 423 592 [Διός
442 551 521 580 non
541 533 814 594 obstupescat,
838 532 982 597 quod
1005 535 1215 598 Magnes
1241 533 1451 582 attrahat
1466 534 1791 596 Magnetem,

31 597 66 647 fi
91 597 366 661 conjungas
385 597 540 647 Polos
567 599 776 651 amicos,
791 595 823 645 si
849 599 1107 652 inimicos,
1122 597 1353 662 repellat?
1389 594 1534 659 quod
1552 597 1716 653 major
1736 598 1791 648 in
1834 630 1838 633 -

33 657 233 710 instanti
252 661 440 709 adimat
470 662 658 709 minori
680 661 833 713 vires,
855 673 975 722 quas
1003 674 1112 709 non
1131 659 1216 710 nisi
1238 663 1364 710 intra
1388 660 1536 709 tridui
1558 658 1788 723 spatium,

31 722 203 773 denuo
224 725 563 788 recuperabit?
599 720 743 787 quod
764 722 982 785 denique
1012 725 1249 772 virtutem
1264 757 1278 778 ,
1306 723 1490 772 attastu
1514 722 1623 772 solo
1644 739 1789 772 com-

35 789 286 840 municet,
310 786 372 835 fic
388 821 400 842 ‚
422 800 476 837 ut
495 788 724 836 attra6his
747 784 774 835 ὲ
800 785 1011 851 chalybe
1034 787 1245 838 annulus
1261 819 1273 841 ,
1298 786 1543 835 attrahere
1576 800 1789 850 quoque

32 848 180 915 poffit
197 848 420 904 affinem,
445 850 525 898 hic
550 849 721 900 denuo
744 849 830 898 fibi
852 852 1216 915 propinquum,
1237 853 1288 900 δί
1308 849 1372 898 fic
1398 849 1790 913 deinceps,dum

35 914 240 961 tandem
264 912 363 961 sine
388 928 519 962 nexu
541 928 770 962 connexa
795 914 845 960 in
867 915 979 962 aere
1000 913 1227 962 catenula
1246 913 1442 968 haereat,
1459 915 1539 963 cui
1557 914 1793 968 fimilem,

33 991 128 1024 nec
147 975 243 1040 ipse
266 976 546 1029 Mulciber,
572 976 678 1033 Dijs
710 978 933 1040 primum
947 974 1146 1026 daturus
1176 976 1454 1041 specimen,
1478 973 1793 1040 fabricasset?
1856 982 1860 983 ⁷

35 1039 165 1089 Illud
192 1051 364 1087 tamen
385 1037 467 1087 hic
488 1039 667 1092 obiter,
688 1039 838 1087 velim
852 1072 865 1093 ,
887 1050 1032 1087 notes
1054 1072 1068 1093 ,
1097 1040 1336 1089 virtutem
1355 1041 1700 1106 Magneticam
1725 1040 1794 1090 sat

37 1102 300 1151 delicatam
317 1135 328 1156 ,
346 1103 462 1165 quia
480 1113 616 1150 amat
634 1101 908 1150 culturam:
945 1102 1138 1151 intendi
1157 1099 1339 1167 potest,
1359 1115 1510 1166 atque
1530 1105 1794 1160 debilitari,

36 1164 147 1214 imo
167 1165 361 1230 penitus
384 1161 582 1213 destrui.
684 1166 805 1228 Igne
835 1164 1120 1229 deperditur
1153 1167 1225 1214 vis
1253 1166 1536 1222 attraCtiva,
1558 1183 1679 1216 nam
1707 1183 1797 1216 co-

38 1229 92 1277 lit
122 1230 308 1278 amoris
331 1228 588 1282 indolem,
607 1227 688 1276 sed
718 1227 818 1276 fine
847 1227 1008 1276 taedis:
1046 1225 1191 1291 quod
1215 1229 1248 1277 si
1276 1229 1518 1294 lingulam
1539 1232 1794 1295 Magnetis

39 1294 270 1341 incurves
295 1325 307 1346 ,
330 1292 411 1340 vel
441 1294 756 1341 incurvatam
778 1287 1000 1340 restituas
1021 1293 1071 1339 in
1086 1291 1329 1341 dimdium
1346 1325 1358 1346 ,
1381 1308 1489 1342 non
1519 1290 1762 1343 restituisti
1778 1326 1794 1349 ,

38 1355 121 1404 sed
144 1351 430 1405 destruxisti.
530 1353 730 1404 Contra
751 1354 1066 1404 conservabis
1086 1357 1347 1407 virtutem,
1375 1354 1408 1404 si
1435 1356 1628 1406 dederis
1651 1357 1796 1407 liber-

38 1430 196 1467 tatem
223 1419 269 1467 se
301 1417 634 1468 convertendi
664 1417 728 1466 ad
764 1418 946 1467 Polos:
984 1434 1105 1466 nam
1130 1417 1231 1467 fine
1266 1418 1456 1468 horum
1486 1419 1680 1485 aspectu
1706 1420 1796 1470 flu-

44 1482 178 1531 Ctuat
201 1485 252 1531 in
267 1483 514 1531 violento.
615 1480 843 1531 Eandem
873 1480 1114 1534 tueberis,
1143 1481 1178 1530 si
1198 1497 1371 1545 panno
1403 1484 1697 1533 involutum
1718 1500 1797 1533 ru-

38 1545 164 1599 beo,
188 1545 412 1595 colloces
431 1546 600 1593 amico
622 1544 713 1593 situ
736 1562 745 1592 ε
787 1543 906 1594 cum
938 1548 1075 1595 enim
1092 1543 1275 1600 herbae,
1290 1542 1317 1595 ὲ
1336 1546 1516 1608 quibus
1533 1546 1613 1597 hic
1627 1547 1794 1603 color,

41 1608 183 1673 supra
211 1611 426 1657 minei-as
458 1608 638 1656 ferreas
677 1608 956 1657 excrescant
977 1641 990 1662 ,
1028 1608 1287 1669 qualitates
1323 1607 1350 1657 a
1370 1611 1573 1659 mineris
1609 1612 1794 1659 amicas

40 1671 290 1726 hauriunt,
313 1668 560 1735 haustasq3
583 1671 736 1721 veluti
754 1683 953 1736 gratum
978 1673 1207 1735 Magneti
1237 1671 1479 1736 pabulum
1498 1670 1792 1723 ministrant.

40 1737 247 1786 Nutries
276 1736 497 1801 insuper,
534 1734 568 1784 fi
588 1735 780 1785 servato
807 1734 912 1786 hoc
938 1733 1030 1783 fitu
1051 1736 1102 1783 in
1130 1732 1365 1784 limatura
1387 1737 1681 1801 Magnetem
1703 1737 1799 1786 fer·

42 1796 125 1848 rea
155 1814 337 1862 ponas,
364 1800 443 1848 vel
470 1795 738 1862 chalybeas
774 1814 895 1847 nam
922 1798 1084 1847 solent
1115 1798 1363 1856 ejusmodi
1385 1811 1638 1854 ramenta,
1660 1815 1797 1848 acce-

44 1874 148 1925 ptas
177 1860 205 1910 a
230 1863 468 1925 Magnete
496 1864 648 1914 vires,
672 1863 857 1909 mutuis
883 1862 1040 1909 rursus
1065 1861 1311 1922 obsequiis
1332 1863 1382 1908 in
1410 1863 1555 1911 illum
1579 1863 1797 1911 refieste-

45 1939 98 1972 re
114 1956 126 1976 ,
152 1922 448 1986 amicosque
469 1923 634 1971 radios
657 1923 894 1971 evibrare.
978 1924 1215 1984 Denique
1235 1922 1486 1973 armatura
1509 1940 1565 1973 ex
1585 1928 1796 1989 geminis

45 1988 267 2039 laminis,
288 1987 523 2035 indurato
553 1985 763 2050 chalybe
792 1983 986 2040 excifin
1005 1986 1194 2033 mirum
1225 1989 1278 2035 in
1298 1987 1520 2037 modum
1549 1989 1796 2038 corrobo-

47 2061 182 2099 ratur
204 2051 453 2113 Magnetis
475 2050 655 2103 virtuS‚
684 2050 777 2101 ita,
799 2060 854 2096 ut
878 2051 964 2111 qui
979 2049 1198 2102 inermis,
1222 2048 1422 2114 pondus
1444 2050 1490 2099 se
1511 2051 1615 2116 ipso
1636 2053 1795 2110 majus
1891 2095 1900 2107 .
1958 2090 1962 2094 ,

45 2115 126 2163 vix
151 2109 461 2166 sustinuerat,
482 2123 725 2166 armatus,
756 2112 917 2160 Bione
936 2107 1082 2166 teste,
1102 2114 1426 2176 quinquagies
1453 2117 1637 2164 centies
1656 2115 1700 2164 se
1728 2119 1796 2182 ip·
1823 2092 1936 2170 Nm·

46 2176 102 2225 so
125 2176 358 2240 grandius
387 2175 622 2229 attrahat,
656 2173 1021 2237 attra&umque
1056 2176 1107 2224 in
1136 2177 1251 2224 ae're
1274 2175 1522 2225 sustentet.
1621 2180 1796 2229 Ratio·
1827 2162 1953 2206 ΒΖΜ·

48 2253 168 2287 nem
198 2238 340 2296 hujus
364 2240 670 2303 experientiae
694 2238 726 2287 si
747 2237 773 2287 a
798 2237 997 2302 Physica
1024 2250 1184 2302 petaS,
1208 2237 1413 2288 forsitan
1449 2241 1605 2295 dicet,
1630 2243 1795 2292 radios
1825 2225 1998 2281 l·3·⁶·7’

51 2297 79 2350 ὲ
101 2303 230 2351 Polo
254 2305 503 2367 Magnetis
525 2302 923 2365 quaquaversum
956 2300 1157 2350 diffusos
1173 2335 1184 2355 ,
1209 2304 1259 2350 in
1286 2302 1449 2350 limbis
1483 2302 1691 2367 chalybe
1725 2322 1798 2355 ar-

49 2367 211 2418 matis,
230 2369 374 2414 omni
396 2381 451 2413 ex
477 2377 612 2431 parte
638 2367 774 2414 coire
798 2361 972 2414 denuo
992 2399 1003 2417 ‚
1026 2361 1198 2429 sicque
1230 2364 1425 2417 efficere
1447 2368 1552 2417 vim
1574 2369 1796 2425 unitam,

51 2424 298 2489 quodque
327 2431 673 2490 consequitur,
703 2429 989 2478 fortiorem.

178 2491 373 2541 LEUC:
442 2493 685 2556 Memini,
706 2491 826 2540 cum
856 2491 1020 2540 adhuc
1051 2491 1202 2541 aleret
1227 2508 1314 2542 me
1339 2489 1635 2556 Ephebeum
1653 2528 1664 2549 ,
1687 2495 1795 2544 Ma-

45 2555 201 2616 gnetis
226 2552 381 2619 opera
400 2554 612 2621 persaepe
641 2555 836 2606 ludicris
866 2571 950 2604 me
977 2568 1255 2607 recreatum
1284 2556 1579 2622 speetacuh‘s.
1680 2560 1796 2608 Erat

927 2620 973 2670 U
1565 2620 1730 2672 Philo-
