2177 2905
60 1053 103 1102 S.
120 1052 224 1100 Leo.

61 1119 130 1178 Ep
162 1128 242 1176 71.

59 1183 116 1227 L.
135 1154 199 1227 ‘de

58 1244 172 1294 Jdol.

57 1946 152 2002 Sap.
166 1953 213 2002 7.

379 81 443 130 40
995 66 1244 130 Diphthera
1256 63 1407 127 Jovv's.

308 174 460 210 nona:
481 154 727 212 sterilitas,
752 155 952 211 sanitas,
977 158 1181 211 morbi,
1217 172 1274 206 ac
1303 156 1589 219 frequentes
1611 168 1804 208 mortes
1833 162 2083 227 originem

312 224 516 272 ducant.
586 224 716 272 Non
739 222 878 270 illam
897 236 1057 285 arguo
1079 220 1413 285 Philosophiae
1436 222 1710 271 amabilem
1732 223 1922 274 sociam
1936 259 1950 281 ,
1970 242 2082 291 qua:

308 302 368 336 ex
390 286 607 336 siderum
623 286 866 340 motibus,
883 285 1130 334 concursu
1143 318 1156 339 ,
1180 284 1416 340 occursu,
1436 298 1553 335 ortu
1566 299 1716 349 atque
1732 288 1929 344 occasu,
1945 306 2086 340 nunc

310 364 548 417 tempora
581 353 632 401 <Sc
659 349 869 415 Eclipses
895 348 1126 398 observat
1147 366 1159 393 :
1204 363 1343 397 nunc
1365 346 1488 399 vero
1510 351 1701 414 pluvias
1717 387 1728 402 ‚
1749 352 1941 402 calores
1958 387 1971 410 ,
2002 354 2082 404 fri-

307 430 451 480 gora,
472 414 708 464 siccitates
724 448 735 466 ,
754 425 935 464 ventos
951 445 964 467 ,
991 410 1209 475 aliasque
1233 414 1355 461 aeris
1377 416 1684 463 mutationes
1708 417 1952 480 agricolis,
1974 419 2082 468 Me-

309 480 455 534 dicis,
481 495 539 528 ac
552 479 813 529 Naucleris
837 479 1132 543 praenuntiat
1155 494 1163 524 :
1202 492 1338 530 non,
1358 479 1567 540 inquam
1589 511 1602 533 ,
1626 476 1933 545 Astrologiae
1964 481 2083 531 huic

312 543 454 591 litem
480 543 722 594 intendo,
759 557 915 605 quam
935 541 996 590 ab
1029 540 1230 589 eruditis
1254 543 1308 589 in
1323 545 1485 604 pretio
1509 541 1733 592 habitam
1750 576 1762 598 ,
1783 560 1877 593 nec
1900 544 2083 598 semel,

308 607 431 656 DEI
459 610 612 656 etiam
643 606 842 655 calculo
873 605 1141 671 probatam
1161 639 1175 657 ,
1210 605 1238 662 ij
1255 603 1423 654 solum
1448 607 1845 662 calumniantur,
1875 610 1962 671 qui
1989 621 2083 667 ter-

309 672 482 720 minos
506 673 618 719 artis
633 704 645 725 ,
668 671 794 720 ultra
806 685 936 733 quos
948 669 992 718 se
1008 668 1273 717 extendere
1283 668 1421 718 nefas
1436 666 1505 718 est
1518 703 1531 725 ,
1549 672 1787 735 ignorant
1804 689 1813 719 :
1830 671 1910 721 sed
1923 673 2080 727 illam,

309 735 552 784 litterario
581 735 726 785 Orbe
740 768 753 789 ,
788 736 840 783 in
868 735 1044 798 longas
1066 734 1279 797 GyarOS,
1310 733 1533 782 exastam
1552 735 1708 784 velim
1723 768 1736 789 ,
1756 750 1865 798 quae
1886 732 1913 785 ὲ
1933 735 2086 786 Chal-

312 798 545 848 daeorum
559 835 570 850 ‚
600 795 940 861 Arabumque
956 798 1247 854 inloiiiriijs,
1268 813 1326 845 ac
1345 794 1688 861 superstitione
1710 800 1899 848 coaluit
1919 817 1932 852 3
1968 815 2083 863 quae

306 861 630 928 horoscopos
652 862 929 917 ardentius,
967 860 1123 924 quam
1146 876 1231 924 par
1254 857 1349 912 est,
1372 862 1604 922 inquirit3
1641 875 1750 922 quae
1772 865 1921 925 garrit
1936 865 2080 912 insul-

305 926 354 976 sa
377 926 813 982 dematrimonijs,
849 942 906 975 ac
939 926 1102 988 jurgiis
1125 926 1423 987 Xantippcss
1462 937 1571 985 quae
1598 923 1661 972 de
1682 924 1963 980 liberorum
1991 942 2083 975 nu-

304 1006 480 1045 mero,
501 990 563 1040 de
585 991 869 1045 itineribus,
900 988 1078 1047 divitiis
1094 1021 1106 1042 ,
1134 987 1349 1036 fortunis
1365 1020 1376 1041 ‚
1414 987 1726 1044 infortuniis,
1749 988 1811 1038 de
1832 988 2079 1053 dignitati-

303 1054 416 1108 bus,
439 1049 648 1117 alir'sque
666 1054 985 1120 pronuntiat3
1035 1067 1145 1116 qua:
1167 1049 1381 1110 fatalibus
1399 1054 1535 1099 stellis
1557 1054 1720 1097 animos
1740 1054 1956 1099 hominum
1972 1088 1984 1104 ‚
2022 1056 2082 1101 «φ

303 1130 483 1180 corpora
505 1118 757 1178 adstringit;
803 1115 1065 1181 quamque
1089 1116 1308 1163 Idolorum
1329 1116 1550 1163 cultricem
1583 1128 1861 1180 agnoverat
1881 1116 2079 1182 pridem

304 1181 531 1233 Ecclesia:
553 1184 801 1246 primaevae
821 1181 966 1231 Sidus
980 1215 993 1235 ,
1025 1180 1380 1230 Tertullianus,

432 1247 632 1299 LEUC:
702 1245 914 1308 Quaeso,
937 1244 1240 1294 enucleatius
1263 1243 1427 1309 separa
1448 1242 1886 1309 pretiosumavili:
1924 1245 2075 1300 doce,

304 1326 538 1375 quaenam
552 1307 859 1376 Astrologiae
885 1310 1089 1359 oracula
1103 1308 1260 1358 fidem
1280 1320 1568 1357 mereantur
1581 1309 1820 1372 aliquam,
1842 1318 2078 1371 quaenam

300 1376 526 1424 nullam?
561 1377 747 1441 quippe
771 1375 880 1423 sunt
896 1409 909 1430 ,
933 1375 1018 1437 qui
1042 1388 1259 1423 omnem
1284 1372 1524 1421 omnibus
1546 1384 1761 1437 negant,
1797 1376 1847 1423 ὃς
1869 1371 2078 1428 contra,

300 1441 389 1504 qui
409 1455 625 1489 omnem
638 1439 879 1488 omnibus
902 1439 1157 1492 tribuunt,
1188 1437 1290 1501 pari
1322 1436 1478 1485 credo
1508 1437 2077 1491 errore,veletiamim-

303 1507 436 1569 pari,
473 1505 590 1567 quia
621 1506 792 1568 priore
815 1504 1026 1553 innoxio
1047 1536 1061 1557 ,
1098 1500 1375 1567 posteriore
1407 1501 1708 1566 pernicioso.
1821 1500 1969 1550 Crifis
1991 1513 2078 1550 tua

301 1568 547 1622 mediam,
568 1583 724 1630 quam
738 1565 945 1616 tenuere
965 1566 1112 1620 beati,
1130 1562 1432 1614 monstrabit
1450 1564 1694 1613 semitam.
1763 1567 1921 1612 MEL:
1957 1567 2078 1614 Tria

301 1631 438 1685 sunt,
461 1633 510 1679 in
525 1632 705 1693 quibus
728 1630 761 1678 si
782 1629 947 1678 minsis
970 1629 1233 1681 audiendi,
1269 1628 1439 1675 saltem
1462 1643 1572 1674 non
1598 1628 1967 1677 contemnendi
1993 1627 2075 1675 vel

301 1695 687 1744 condemnandi
714 1693 824 1742 sunt
845 1689 1181 1756 Astrologicae
1201 1692 1383 1753 Magiae
1408 1690 1625 1738 cultores
1649 1708 1659 1737 :
1712 1706 1831 1739 nam
1854 1706 1909 1739 ea
1925 1724 1937 1744 ,
1963 1705 2073 1752 qna:

304 1774 364 1808 ex
383 1759 616 1808 Siderum
642 1770 793 1806 motu
812 1752 1010 1822 praecise
1032 1755 1271 1820 pendent,
1292 1757 1363 1802 uti
1379 1753 1587 1818 Eclipses
1602 1787 1615 1808 ,
1630 1752 1826 1818 alizique
1848 1757 1898 1803 in
1911 1754 2072 1804 Astris

302 1822 669 1877 Phaenomena‚
690 1816 1032 1871 Astronomid
1053 1819 1198 1872 duce,
1220 1818 1489 1882 praedicant
1510 1820 1722 1882 augurio
1746 1819 1896 1866 etiam
1910 1831 2072 1872 certo,

304 1890 355 1938 ὃ(
369 1886 630 1936 infallibili.
700 1881 864 1950 Qod
890 1882 1157 1946 ficuipiam
1172 1881 1347 1930 datum
1370 1879 1485 1928 effet
1498 1914 1510 1933 ‚
1534 1881 1678 1944 quod
1694 1881 1869 1930 datum
1884 1881 1910 1930 a
1924 1883 2072 1931 DEO

302 1952 540 2016 legimus,
568 1952 774 2000 Reoum
794 1945 1181 2013 Sapientiliimo,
1203 1942 1343 1994 noffe
1366 1941 1547 1993 scilicet
1567 1948 1669 1991 anni
1691 1945 1841 2003 cztrfits,
1857 1948 2073 1993 &stell-a-
2120 1948 2127 1955 '

303 2032 400 2062 rum
422 2014 728 2077 dispositiones,
766 2024 1000 2061 naturam
1033 2023 1185 2073 atque
1207 2011 1559 2074 proprietates,
1588 2025 1662 2057 nae
1687 2010 1768 2057 ille
1794 2023 1851 2056 ex
1872 2009 2074 2073 tripode

301 2076 412 2129 satis
433 2090 576 2128 certo
603 2076 891 2143 praediceret
918 2087 1100 2125 ventos
1124 2077 1174 2124 ὃς
1203 2074 1393 2138 pluvias
1408 2106 1421 2127 ,
1446 2071 1666 2135 aliasque
1685 2075 1808 2122 aeris
1832 2074 2071 2121 mutatio-

301 2158 415 2198 nes,
444 2142 716 2192 accedente
738 2136 983 2205 praecipue
1002 2133 1302 2204 experientia
1323 2133 1551 2201 propria,
1571 2136 1651 2186 vel
1675 2132 1862 2190 aliena,
1887 2151 1987 2200 qua
2010 2136 2076 2185 ad

303 2208 518 2258 oculum
541 2204 771 2269 quotidie
794 2203 1067 2257 erudimur,
1082 2199 1110 2253 ὲ
1128 2203 1271 2253 vario
1290 2200 1522 2249 Siderum
1541 2199 1753 2264 aspediu,
1773 2201 1929 2250 varias
1953 2202 2073 2249 oriri

304 2268 654 2320 vicissitudines
679 2270 730 2317 in
751 2267 1108 2317 sublunaribus.
1209 2264 1309 2314 Sed
1329 2265 1495 2313 nolim
1517 2263 1591 2312 liis
1620 2279 1717 2327 ego
1739 2262 2072 2328 syngrapham

305 2333 449 2386 dare,
467 2334 705 2398 imperitis
729 2328 756 2380 ὲ
783 2330 952 2382 schola
973 2332 1140 2380 Samia
1160 2328 1353 2381 Sciolis,
1379 2331 1465 2390 qui
1489 2327 1612 2376 dum
1633 2327 1725 2376 sese
1742 2328 2069 2377 Calendario-

307 2395 527 2463 graphos
551 2397 784 2453 jaEtitant,
808 2396 1109 2460 plerumque
1132 2408 1243 2442 non
1268 2391 1360 2441 *nisi
1390 2388 1752 2457 phantasticam
1783 2391 1976 2440 cudunt
1997 2392 2068 2440 Si-

305 2462 489 2510 derum
518 2460 766 2525 syntaxin,
789 2473 885 2508 nec
912 2470 1209 2524 temporum
1235 2458 1394 2510 vices,
1418 2454 1505 2504 nifi
1534 2454 1597 2504 ad
1626 2455 1905 2505 lunaticum
1935 2469 2067 2503 cerc-

305 2524 382 2577 bri
406 2524 831 2577 suibarometron
861 2524 1156 2576 metiuntur.
1253 2517 1509 2574 Caeterum
1529 2518 1742 2574 influxus
1756 2518 1988 2634 Siderpnbi
2012 2519 2065 2567 in

1911 2597 1943 2630 u
1982 2611 1999 2620 -
