2182 2916
374 96 437 146 80
977 90 1152 156 Coloffios
1183 92 1404 157 Mysticm.

83 234 87 243 ,
309 206 424 240 'care
445 187 478 240 fi
503 187 677 256 posses,
695 203 924 241 cerneres
953 192 1141 258 plures,
1161 208 1304 248 reor,
1330 196 1380 242 in
1399 189 1527 242 orbe
1550 191 1758 250 Daiilas,
1775 194 1957 259 quibus
1985 212 2078 248 eor

68 250 123 303 In
141 255 253 301 vica.
312 255 573 320 Cupidinis
599 255 730 309 telo,
751 270 904 320 quam
924 255 1161 306 Theresas
1184 257 1471 322 Seraphicas
1486 289 1498 311 ‚
1522 258 1701 321 quibus
1731 262 1920 308 amoris
1934 262 2086 311 Divi-

309 321 362 367 ni
384 319 549 375 jaculo
573 319 708 368 foret
729 319 1044 369 transfixum:
1092 321 1284 371 videres
1313 319 1480 385 saepius
1504 321 1653 370 latere
1689 338 1828 372 arma
1862 322 2082 379 furoris,

311 381 466 445 quam
491 379 818 431 instrumenta
838 387 1050 439 amoris,
1072 399 1184 448 quae
1204 387 1255 432 in
1278 384 1434 433 corde
1453 385 1611 434 Clarae
1636 384 1697 434 de
1720 399 1902 436 monte
1927 387 2086 436 Falco

310 458 502 510 reperta
522 447 749 511 legimus.
851 446 966 497 Imo
990 447 1049 501 si,
1072 449 1366 497 anatomico
1385 448 1550 496 cultro
1565 483 1577 503 ,
1601 449 1783 499 viscera
1810 452 2085 504 rimareris,

75 521 284 572 Lcornel,
314 525 405 558 cor
427 510 546 574 saepe
566 511 765 559 nullum
787 513 837 558 in
856 511 1060 575 pectore
1077 513 1304 576 reperies,
1374 512 1508 560 lilius
1523 513 1703 569 jaceret
1718 515 1771 562 in
1790 529 1920 567 area,
1935 513 2091 576 quod

69 586 285 634 inMatth.
314 573 376 622 de
386 574 633 625 Euclione
649 574 819 638 prodit
829 575 993 623 Italia:
1036 589 1076 622 1.
1096 574 1239 632 hujus
1254 575 1435 632 jaceret
1453 578 1503 623 in
1523 577 1770 639 ara‚quod
1790 577 1856 625 de
1871 577 2090 641 Presby-

148 651 194 697 5,
313 649 426 686 tero
445 633 703 702 obstupuit
715 640 907 688 Roma.
979 653 1024 686 2.
1041 639 1267 690 Plurium
1292 639 1448 687 corda
1465 641 1517 688 in
1537 655 1693 688 manu
1704 642 1922 689 Veneris
1947 643 2091 690 inve-

74 715 275 761 2‚]3arr2·,
314 703 443 750 nires
459 734 471 757 ,
495 716 780 765 paucorum
798 704 849 749 in
868 702 1318 756 latereSalvatoris,
1340 702 1483 764 quod
1508 703 1569 751 de
1586 702 1862 768 Alphonso
1884 703 2092 766 Esquie-

72 792 134 826 to.
156 791 193 824 1,
218 793 286 825 an,
308 781 375 818 ra,
398 780 588 828 magno
604 766 864 813 Societatis
889 762 1068 814 nostrae
1085 767 1274 818 Heme,
1299 766 1500 814 annales
1519 766 1762 830 produnt.
1838 780 1882 825 3.
1901 770 2083 827 Nempe

69 848 185 890 scm,
204 844 291 890 ag*
316 828 390 874 ubi
413 829 628 885 thesimrm
652 844 774 880 tzms,
796 827 859 875 ibi
879 847 950 876 cor
970 842 1108 876 tuum.
1181 825 1378 877 Nostris
1394 830 1638 886 Martinijs
1665 829 1865 885 ssmiles,
1884 846 1982 894 ego
2007 844 2093 879 ve-

71 908 125 953 ad
137 920 291 951 annum
318 893 408 940 lim
428 891 787 957 Philosophos‚
815 905 863 951 4.
881 893 1060 955 quibus
1075 890 1298 942 Christus
1320 895 1371 940 in
1394 892 1562 940 forma
1577 894 1796 946 Parvuli,
1810 894 1971 942 Coelo
2004 893 2088 942 de-

75 970 213 1027 1636,
317 955 457 1021 lapfi,
481 956 748 1018 quondam
772 959 1022 1020 apparuit,
1054 972 1172 1004 areu
1201 953 1464 1006 instructus
1501 959 1551 1006 ὅ(
1573 954 1805 1020 pharetra
1825 992 1837 1007 ‚
1870 952 2090 1019 teloque

78 1048 121 1093 3.
143 1033 281 1079 Nilus
323 1020 489 1084 pedus
512 1019 575 1068 sic
596 1021 890 1071 vulneravit,
913 1034 968 1068 ut
987 1017 1012 1068 ὲ
1033 1020 1240 1069 vulnere
1262 1022 1459 1067 traxerit
1473 1035 1748 1085 perennem
1772 1022 1947 1068 vitam.
1987 1019 2089 1069 Sed

73 1095 288 1156 myst,p,1,
316 1081 537 1134 histeron
566 1085 834 1147 proteron!
884 1080 1018 1131 adest
1044 1083 1217 1132 Amor
1248 1084 1515 1147 profanus,
1555 1099 1679 1131 mox
1718 1100 1810 1132 cor
1849 1081 2088 1132 offertur:

74 1151 241 1208 einhort.
317 1144 640 1197 adestAmor
666 1147 888 1199 divinus,
920 1162 1044 1194 mox
1075 1163 1166 1194 cor
1184 1145 1437 1194 auffertur.
1537 1146 1678 1211 Quid
1710 1144 1833 1211 ergo
1864 1148 2085 1195 mirum?

76 1239 151 1272 12,
318 1212 352 1264 si
375 1211 543 1259 multis
563 1210 756 1260 accidat
774 1212 824 1258 in
839 1211 938 1260 vita
963 1208 1112 1263 casus,
1140 1223 1179 1267 5.
1198 1225 1305 1272 quo
1328 1208 1600 1274 derepente
1626 1210 2083 1263 conciderat,sanus

73 1301 121 1348 4,
140 1287 288 1347 Engel,
320 1276 449 1324 olim
481 1276 705 1323 Ferrariae
733 1273 1045 1328 adolescens,
1070 1275 1151 1321 cui
1177 1275 1387 1324 vermis,
1407 1274 1461 1321 in
1497 1273 1654 1321 corde
1686 1273 1871 1327 latens,
1893 1272 2083 1322 Lache-

73 1357 194 1402 Dom
214 1365 287 1397 12,
317 1339 374 1392 fis
394 1335 543 1392 loco,
565 1334 757 1386 stamen
787 1339 898 1386 vitae
926 1337 1188 1386 arroserat:
1227 1340 1314 1398 qui
1340 1339 1525 1385 vermis
1553 1349 1656 1384 arte
1679 1337 1815 1384 nulla
1844 1369 1858 1389 ,
1881 1336 2083 1399 liquore

66 1415 289 1479 postpenc‚
315 1403 476 1456 nullo,
492 1400 578 1450 nifi
596 1402 657 1450 ab
678 1401 795 1457 alliis
817 1398 1053 1465 cepisque
1077 1399 1296 1464 expresso
1326 1412 1524 1464 poterat
1538 1401 1751 1447 enecari.
1801 1401 1927 1450 Non
1958 1397 2085 1448 diffi-

82 1493 122 1539 5,
140 1486 194 1526 Ρ,
209 1484 292 1525 Ζε-
316 1467 473 1516 culter
492 1465 683 1529 colligis
699 1498 712 1518 ,
734 1479 890 1527 quem
915 1467 1012 1529 ego
1033 1479 1266 1513 vermem
1283 1497 1294 1517 ‚
1327 1465 1521 1527 opiner.
1595 1462 1738 1521 Quid
1759 1463 1980 1526 denique
1999 1465 2090 1533 mi:

76 1545 215 1593 chem»,
237 1530 457 1587 derum,
482 1527 516 1577 si
541 1528 815 1591 aliquando
846 1530 895 1576 in
920 1540 1090 1576 morte
1111 1543 1201 1575 cor
1226 1526 1432 1581 Christi,
1466 1527 1616 1574 toties
1644 1526 1997 1579 vulneratum,
2023 1526 2092 1583 ijl-

76 1623 228 1655 verme
319 1594 438 1642 dem
459 1592 926 1655 verbis‘alloquatur
953 1593 1202 1654 ingratos,
1223 1590 1403 1654 quibus
1435 1605 1527 1638 cor
1557 1589 1870 1637 celeberrimi
1898 1591 2091 1653 Marty-

78 1673 181 1729 confi
188 1668 290 1729 1438
320 1660 381 1708 ris
396 1691 408 1711 ‚
433 1658 484 1704 in
507 1656 724 1705 flammis
748 1654 952 1706 illaesum
968 1690 978 1705 ,
1000 1655 1408 1718 ingratitudinem
1431 1650 1745 1718 exprobrfiffe
1767 1652 1994 1700 Barbaris
2023 1653 2091 1700 le·
2151 1661 2159 1669 “

80 1738 108 1782 6
145 1735 194 1783 V,
222 1739 276 1780 P,
320 1723 512 1785 gimus:
584 1721 664 1766 Car
695 1717 893 1772 occidistis
916 1734 1007 1769 me,
1029 1721 1102 1781 qui
1137 1734 1216 1762 vos
1236 1718 1390 1768 dilexi,
1418 1720 1490 1779 qui
1519 1733 1596 1761 vos
1623 1714 1817 1777 quaesivi,
1848 1718 1922 1778 qui
1946 1714 2092 1770 vestrae

78 1773 219 1846 R'ochi
311 1785 464 1843 fidum
492 1781 615 1831 causei
643 1783 722 1828 huc
742 1780 814 1840 fui
835 1782 1160 1841 peregrinatus?
1196 1782 1347 1826 dicite.-
1385 1797 1460 1826 cur
1486 1779 1714 1831 occidzstsss?

83 1867 265 1912 Gonzo-
449 1847 646 1897 LEUC:
716 1847 786 1894 Ex
814 1844 1051 1893 haetenus
1079 1843 1323 1893 recensitis
1346 1877 1359 1898 ‚
1400 1843 1505 1892 duo
1541 1844 1699 1890 miror
1731 1843 1975 1892 miracula
1997 1842 2091 1892 hu-

81 1927 158 1977 134
185 1929 224 1972 s,
237 1924 294 1983 J,
323 1913 461 1961 mani
481 1910 672 1958 cordis:
707 1910 932 1974 primum
965 1905 1034 1955 est
1061 1907 1361 1971 magnitudo
1380 1909 1430 1955 in
1459 1909 1728 1971 parvitate:
1767 1921 1889 1954 nam
1914 1905 1970 1955 iit
1997 1907 2090 1962 aje-

163 1962 172 1972 ’
325 1976 435 2028 bas,
466 1976 701 2038 exiguum
727 1988 818 2020 cor
843 1970 936 2019 effe
967 1971 1142 2025 debet⁷
1167 1984 1221 2019 ut
1250 1970 1304 2018 fit
1334 1985 1605 2035 magnum:
1642 1971 1904 2033 ingentem
1938 1972 2092 2020 virtu-

328 2052 436 2087 tem
455 2050 509 2086 ut
529 2036 734 2089 habeat,
754 2035 939 2084 habere
959 2035 1109 2083 debet
1133 2037 1360 2098 exiguam
1379 2033 1603 2084 molem,
1627 2031 1692 2080 eo
1718 2031 1964 2096 capacius,
1981 2032 2090 2095 quo

325 2098 593 2166 angustius,
614 2115 723 2163 quae
748 2100 959 2162 parvitas
979 2099 1080 2154 aliis
1102 2097 1341 2146 membris
1371 2107 1596 2148 noceret,
1619 2110 1677 2143 ea
1696 2095 1840 2143 cordi
1864 2092 2088 2159 prodest.

327 2164 643 2215 Secundum:
683 2161 826 2225 quod
854 2161 1053 2210 mundo
1077 2162 1275 2226 impleri
1299 2161 1432 2213 velit,
1449 2174 1555 2223 quo
1574 2160 1764 2221 nequit,
1778 2159 1922 2220 quod
1940 2160 2090 2210 DEO

330 2226 503 2293 repleri
531 2227 684 2276 nolit,
709 2241 815 2288 quo
835 2222 1014 2289 potest.
1083 2227 1240 2271 MEL:
1309 2225 1437 2273 Non
1457 2224 1644 2270 miraris
1664 2221 1943 2274 immerito,
1969 2238 2092 2270 nam

254 2313 268 2331 ·:
330 2291 439 2339 sunt
456 2291 559 2338 hoec
580 2290 685 2337 duo
706 2289 934 2353 prodigia
959 2291 1127 2353 primae
1149 2276 1316 2341 classis.
1370 2282 1526 2336 Adeo
1551 2286 1778 2349 amplum
1801 2282 1870 2333 est
1889 2301 1980 2333 cor
2001 2285 2093 2334 hu-

329 2370 542 2403 manum
559 2386 570 2405 ,
595 2366 648 2400 ut
669 2351 754 2400 etsi
775 2368 881 2415 pars
913 2351 968 2400 iit
984 2385 995 2405 ,
1018 2352 1182 2408 major
1202 2350 1290 2400 suo
1314 2362 1486 2398 tamen
1507 2348 1562 2397 sit
1585 2361 1726 2396 toto:
1765 2349 1897 2396 exilis
1921 2348 2091 2397 homi-

333 2420 406 2466 nis
437 2418 624 2481 portio,
647 2428 763 2462 toto
786 2415 997 2475 homine
1017 2415 1279 2479 grandior,
1299 2412 1537 2479 particula
1556 2411 1763 2464 mundi,
1791 2414 1840 2461 ὃς
1867 2411 2090 2460 mundus

335 2484 378 2530 ei
398 2493 643 2530 votorum
677 2479 915 2542 particula
945 2476 1036 2527 est:
1076 2478 1292 2527 admittit
1327 2477 1528 2529 omnia,
1563 2491 1657 2523 nec
1690 2475 1951 2539 impletur,
1975 2471 2089 2538 post

338 2559 517 2612 onmes
535 2542 788 2591 thesauros
807 2541 971 2591 adhuc
998 2558 1203 2593 avarum
1217 2574 1230 2596 ‚
1250 2536 1364 2606 post
1383 2555 1563 2591 omnes
1590 2539 1785 2590 delicias
1804 2538 1967 2588 adhue
1990 2540 2089 2587 avi·
2140 2586 2146 2589 s
2176 2530 2178 2533 ¹

1883 2601 2025 2658 dum,
