2160 2916
68 2161 208 2212 Auris

61 2223 250 2286 fabricae.

383 81 448 140 94
886 70 1019 140 Scylla
1052 71 1180 141 atque
1208 67 1447 140 Charybdtk‘.

318 171 434 221 deat
453 204 466 225 ,
500 168 654 220 veluti
671 164 889 218 t0tidem
906 170 1133 236 prodigia
1147 203 1160 224 ,
1197 167 1380 220 merito
1395 165 1682 220 admiratur.
1750 164 1925 236 Qam
1941 169 2073 227 belle

318 234 568 284 thesaurus
591 233 673 282 hic
696 231 803 281 sinu
825 231 1047 297 duplice,
1083 235 1220 282 velut
1253 231 1370 281 cista
1389 231 1522 282 ossea
1554 265 1568 288 ,
1603 233 1924 286 concluditur
1956 267 1970 292 ,
2005 254 2072 288 ne

318 297 544 363 periculo
563 298 683 344 citra
704 296 913 344 tutelam
945 294 1060 344 effet
1081 294 1348 360 expositus!
1386 295 1540 359 quam
1560 294 1726 346 secure
1746 298 1902 348 tam-a
1919 301 2035 358 ciliis
2052 332 2067 356 ‚

316 359 473 422 quam
494 359 520 408 a
543 358 782 423 palpebris
805 391 817 413 ,
853 359 992 407 velut
1022 359 1243 407 adductis
1267 359 1437 412 valvis,
1458 359 1740 408 defenditur
1763 363 1773 411 !
1810 361 1980 411 forma
1998 367 2070 413 in·-

314 424 470 470 terior
501 421 657 484 quam
690 417 876 470 affabre
905 423 1241 469 concinnata!
1278 422 1485 470 modica
1517 422 1739 471 hominis
1769 427 1940 489 portio
1971 423 2068 481 est,

313 489 365 536 ὃς
384 498 556 533 tamen
582 485 743 540 major
765 481 834 532 est
851 496 968 532 toto
988 484 1201 532 homine
1225 501 1236 531 ε
1272 501 1422 548 parva
1444 485 1622 533 mundi
1644 489 1881 549 particula
1904 484 1997 543 est,
2018 491 2071 540 6<

310 560 485 596 tamen
513 549 710 610 aequalis
741 544 809 594 est
835 549 931 595 toti
953 546 1155 595 mundo
1180 565 1191 594 ;
1228 546 1495 601 humores,
1524 548 1705 610 quibus
1736 550 1962 602 alluitur5
1997 564 2073 601 tu·

307 612 449 665 nicae,
472 611 650 673 quibus
675 611 914 674 cingit-urs
945 612 1118 664 nervi,
1153 609 1335 673 quibus
1354 608 1669 663 distenditur3
1704 612 1941 667 musculi,
1962 616 2072 677 qui-

307 674 400 723 bus
421 686 688 724 movetur3
722 688 879 726 venae,
911 673 1089 736 quibus
1108 674 1278 725 alitur3
1314 676 1498 723 arteriae
1522 707 1536 728 ‚
1563 674 1742 737 quibus
1765 677 1945 728 micat5
1984 676 2073 741 spi-

306 740 426 787 ritus
443 770 456 792 ‚
481 736 661 799 quibus
681 735 936 789 subsultat,
964 736 1180 785 totidem
1200 738 1437 786 miracula
1455 736 1580 786 sunt.
1651 739 1820 802 Qale
1853 739 2067 788 miracu-

304 801 414 850 lum
445 797 513 849 est
535 799 727 848 humor
754 795 1058 862 crystallinus
1090 800 1106 846 ἒ
1141 812 1364 848 meretur
1389 800 1471 848 hic
1499 812 1604 848 tam
1635 798 1818 849 illustre
1847 817 2071 857 nomen,

306 863 432 912 dum
457 875 677 925 exaequat
696 861 1030 927 splendorem.
1114 859 1470 926 Crystallinum
1501 863 1717 926 sequitur
1746 865 1961 913 vitreus:
1996 868 2068 913 in-

303 927 475 976 seritur
498 941 625 975 unus
648 926 821 976 alteri,
858 940 953 973 nec
984 924 1339 973 confunditur:
1376 937 1549 973 amant
1572 926 1619 973 se
1642 927 1864 974 invicem
1892 960 1906 980 ,
1943 930 1992 978 ὅ(
2021 927 2068 975 se

306 989 544 1047 adjuvant
564 1022 577 1043 ‚
613 985 780 1037 custos
805 984 875 1035 est
900 987 1130 1036 humoris
1149 985 1411 1051 crystallini
1432 988 1624 1036 humor
1653 990 1836 1037 vitreus
1861 1021 1875 1043 ,
1907 992 1958 1039 ὃς
1987 1005 2069 1054 pe-

305 1068 372 1102 ne
396 1054 658 1105 nutricius,
678 1051 758 1100 hic
773 1051 1002 1100 humoris
1016 1052 1159 1098 vitrei
1177 1052 1409 1100 alumnus
1428 1048 1497 1099 est
1511 1084 1522 1105 ,
1544 1054 1593 1101 ὅ(
1613 1065 1741 1115 pene
1758 1050 1900 1100 filius.
1939 1053 2068 1103 Utri-

302 1131 404 1180 que
426 1115 663 1164 amabiles
689 1113 880 1162 infidias
902 1113 1061 1162 rendit
1083 1115 1266 1164 retina,
1289 1127 1554 1176 utramque
1575 1127 1802 1164 amanter
1822 1116 1977 1179 capit,
1998 1115 2069 1164 fa-

304 1176 492 1241 citque,
518 1193 583 1227 ne
607 1175 851 1226 diffluant.
930 1178 1126 1226 Retinae
1153 1179 1383 1242 proxima
1404 1174 1472 1225 est
1507 1179 1672 1225 tunica
1696 1192 1823 1226 uvea
1856 1209 1869 1230 ,
1907 1176 2068 1240 eaque

305 1256 559 1296 concava,
581 1252 635 1289 ut
657 1240 902 1289 humores
925 1239 1141 1292 ambiat3
1180 1240 1366 1293 mollis,
1391 1255 1456 1288 ne
1481 1239 1651 1292 laedat3
1689 1242 1850 1288 tenuis
1865 1273 1878 1294 ,
1900 1255 1964 1288 ne
1977 1256 2068 1304 oph

305 1307 514 1372 primats
560 1303 808 1368 pellucida
835 1338 849 1356 ,
873 1315 953 1356 ut,
978 1302 1121 1365 quod
1141 1305 1263 1367 tegit
1286 1336 1300 1356 ,
1332 1299 1581 1352 ostendat.
1668 1303 1945 1366 Utramque
1963 1305 2066 1352 irri-

305 1384 422 1433 gare
451 1367 600 1417 debet
620 1365 810 1416 humor
831 1381 1019 1430 aqueus
1042 1399 1055 1420 ,
1090 1381 1154 1414 ne
1187 1366 1496 1423 exarescant:
1532 1380 1598 1414 ne
1628 1377 1779 1414 motu
1820 1379 2067 1430 perpetuo

305 1434 577 1496 fatigentur
596 1466 607 1481 ‚
640 1430 761 1478 lenit
779 1444 908 1492 aqua
930 1428 1162 1476 laborem
1184 1446 1193 1476 :
1215 1443 1279 1476 ne
1299 1428 1488 1476 humor
1511 1424 1813 1492 crystallinus
1844 1427 1872 1477 a
1898 1430 2068 1479 tunica
2112 1433 2116 1436 ’

305 1510 494 1545 cornea
513 1495 722 1559 patiatur
746 1525 758 1545 ,
793 1491 1030 1540 interfluit
1051 1506 1237 1553 aqueus
1251 1524 1264 1546 ,
1279 1494 1329 1540 ὃς
1349 1492 1560 1540 vulnera
1586 1493 1763 1556 exeipit
1785 1524 1798 1545 ,
1821 1506 1931 1554 quae
1950 1506 2061 1541 non

307 1558 467 1608 sentit.
538 1556 679 1621 Quid
707 1555 872 1603 dicam
895 1555 957 1603 de
985 1554 1170 1619 pupilla
1186 1588 1199 1609 ,
1221 1551 1522 1603 nobilissima
1543 1554 1679 1601 oculi
1704 1565 1842 1617 parte
1867 1557 2067 1605 &ama-

309 1619 573 1671 bihffima?
609 1619 713 1667 haec
736 1634 846 1682 pars
879 1619 1016 1667 oculi
1042 1618 1254 1666 minima
1277 1616 1421 1666 limul
1442 1620 1492 1667 ὅ(
1518 1617 1737 1665 maxima
1760 1650 1773 1669 ,
1804 1615 1909 1665 haec
1930 1616 2066 1665 sedes

311 1685 499 1733 amoris
531 1685 580 1733 ὅ(
607 1678 871 1738 majestatis
898 1699 909 1729 :
946 1696 1033 1745 per
1062 1679 1192 1728 hanc
1215 1681 1394 1728 oculus
1423 1692 1560 1728 amat
1579 1712 1593 1733 ,
1630 1694 1715 1744 pei·
1744 1678 1876 1742 hanc
1911 1681 2066 1745 impe-

307 1759 406 1798 rat,
430 1761 517 1811 per
544 1744 674 1794 hanc
702 1743 934 1796 irascitur,
957 1759 1042 1808 per
1071 1741 1202 1791 hanc
1229 1742 1509 1796 miseretur,
1532 1757 1619 1807 per
1649 1741 1778 1792 hanc
1802 1744 1983 1806 parcit,
2011 1745 2066 1794 ὃς

305 1812 465 1875 punit.
545 1807 707 1875 Qod
726 1806 1057 1855 admiratione
1083 1803 1423 1869 dignissimum
1444 1802 1513 1853 est
1526 1837 1540 1859 ,
1562 1820 1648 1869 per
1667 1804 1796 1853 hanc
1815 1804 2063 1854 videmus.

304 1873 489 1937 Aperit
520 1871 566 1919 se
587 1870 764 1918 oculus
784 1873 833 1919 &
858 1869 1111 1917 mundum
1136 1870 1331 1933 recipit:
1368 1868 1553 1917 claudit
1572 1868 1620 1916 se
1642 1868 1900 1922 oculus,&
1919 1883 2065 1917 mun-

306 1936 433 1984 dum
453 1933 682 1984 excludit.
751 1930 875 1982 Satis
895 1929 990 1985 est,
1013 1933 1152 1996 plura
1174 1931 1236 1981 ad
1263 1932 1398 1979 oculi
1420 1930 1757 1994 dignitatemfi
1780 1933 1933 1995 cupis,
1958 1929 2063 1995 ipso

306 1998 467 2047 oculo
491 1998 694 2061 explora
707 1996 936 2050 oculum,
960 1993 1220 2049 mirabitur
1239 1993 1262 2053 <
1273 1993 1415 2056 quod
1426 1992 1649 2050 mireris>
1672 1995 1711 2043 is
1731 1993 2064 2059 semetipsum,

309 2064 360 2112 δε
383 2075 649 2122 nunquam
669 2056 794 2106 satis.

435 2122 632 2173 LEUC:
671 2123 799 2171 Non
816 2120 1014 2170 inficior
1037 2121 1442 2185 thavmaturgam
1463 2119 1600 2168 oculi
1620 2119 1877 2174 fabricam,
1893 2115 2062 2169 modo

309 2186 439 2237 Auri
458 2186 540 2235 sua
568 2199 778 2248 quoque
808 2185 1058 2233 concedas
1089 2184 1181 2234 esse
1205 2185 1444 2250 prodigia.
1513 2184 1785 2247 Epitomen
1809 2196 1919 2231 non
1940 2183 2066 2231 irhe-

309 2249 410 2312 rito
434 2248 641 2297 dixerim
656 2280 670 2301 ,
705 2246 860 2310 quam
881 2245 999 2297 ideo
1023 2248 1281 2297 fabricavit
1300 2249 1509 2299 Natura,
1533 2258 1586 2293 ut
1621 2247 1672 2292 in
1702 2248 1875 2309 exigua
1907 2259 2026 2293 aure
2045 2278 2060 2300 ,

310 2311 483 2361 artifex
509 2313 727 2372 maxima
749 2310 956 2360 audiret.
1057 2310 1345 2361 Artificium
1375 2321 1546 2356 totum
1569 2304 1786 2356 ostendit
1815 2309 1867 2356 in
1889 2320 2026 2372 parte
2047 2325 2059 2356 ε

310 2390 432 2425 nam
454 2374 727 2422 auriculam
751 2407 763 2429 ,
800 2372 935 2436 quali
957 2370 1257 2432 vestibulum
1281 2373 1477 2435 elegans
1497 2373 1600 2418 auti
1624 2369 1827 2435 praefixit
1851 2403 1864 2425 ,
1901 2384 1955 2418 ut
1983 2385 2063 2418 or-

309 2450 451 2488 natet
471 2454 482 2484 :
521 2451 577 2485 ex
595 2436 901 2500 cartilagine,
918 2451 981 2484 ne
1002 2435 1242 2485 deflueret
1258 2433 1469 2485 foedii133
1523 2449 1634 2482 non
1661 2448 1718 2480 cx
1743 2431 1845 2484 offe
1859 2466 1874 2488 ,
1893 2448 1960 2481 ne
1982 2433 2058 2480 sae-

310 2502 419 2567 pius
439 2499 761 2562 frangentur.
841 2499 901 2549 In
919 2498 1132 2553 homine
1150 2500 1323 2573 minoe
1341 2494 1408 2547 est
1430 2530 1443 2552 ,
1467 2508 1520 2546 ut
1537 2496 1700 2554 major
1715 2495 1772 2546 sit
1789 2495 2060 2607 pulcihritu-

1924 2573 1956 2606 o
1977 2575 1989 2605 ι
