<?xml version="1.0" encoding="UTF-8"?>
<!DOCTYPE html PUBLIC "-//W3C//DTD XHTML 1.0 Transitional//EN"
    "http://www.w3.org/TR/xhtml1/DTD/xhtml1-transitional.dtd">
<html xmlns="http://www.w3.org/1999/xhtml" xml:lang="en" lang="en">
 <head>
  <title>
</title>
<meta http-equiv="Content-Type" content="text/html;charset=utf-8" />
  <meta name='ocr-system' content='tesseract 3.04.00' />
  <meta name='ocr-capabilities' content='ocr_page ocr_carea ocr_par ocr_line ocrx_word'/>
</head>
<body>
  <div class='ocr_page' id='page_1' title='image "./peripateticusnos00sch_0448.png"; bbox 0 0 2177 2905; ppageno 0'>
   <div class='ocr_carea' id='block_1_1' title="bbox 412 73 1427 141">
    <p class='ocr_par' dir='ltr' id='par_1_1' title="bbox 412 73 1427 141">
     <span class='ocr_line' id='line_1_1' title="bbox 412 73 1427 141; baseline -0.002 -13"><span class='ocrx_word' id='word_1_1' title='bbox 412 78 505 139; x_wconf 86' lang='lat'><em>-156</em></span> <span class='ocrx_word' id='word_1_2' title='bbox 1005 76 1214 130; x_wconf 66' lang='lat' dir='ltr'><strong>Ariadne</strong></span> <span class='ocrx_word' id='word_1_3' title='bbox 1235 73 1427 141; x_wconf 76' lang='lat' dir='ltr'><em>Physica.</em></span> 
     </span>
    </p>
   </div>
   <div class='ocr_carea' id='block_1_2' title="bbox 99 140 2177 307">
    <p class='ocr_par' dir='ltr' id='par_1_2' title="bbox 99 140 2177 307">
     <span class='ocr_line' id='line_1_2' title="bbox 99 140 2170 239; baseline 0.001 -24"><span class='ocrx_word' id='word_1_4' title='bbox 99 180 288 239; x_wconf 57' lang='lat' dir='ltr'><strong>sAristae.</strong></span> <span class='ocrx_word' id='word_1_5' title='bbox 343 163 608 239; x_wconf 52' lang='lat' dir='ltr'><strong>leeoqzidem</strong></span> <span class='ocrx_word' id='word_1_6' title='bbox 632 161 835 220; x_wconf 86' lang='lat' dir='ltr'><strong>dicunt,</strong></span> <span class='ocrx_word' id='word_1_7' title='bbox 869 161 1008 214; x_wconf 85' lang='lat' dir='ltr'><strong>idem</strong></span> <span class='ocrx_word' id='word_1_8' title='bbox 1037 161 1338 239; x_wconf 73' lang='lat' dir='ltr'><strong>antipathica</strong></span> <span class='ocrx_word' id='word_1_9' title='bbox 1356 159 1544 237; x_wconf 27' lang='lat' dir='ltr'><strong>‘nausea</strong></span> <span class='ocrx_word' id='word_1_10' title='bbox 1569 162 1597 216; x_wconf 76' lang='grc' dir='ltr'>ὲ</span> <span class='ocrx_word' id='word_1_11' title='bbox 1625 163 1673 216; x_wconf 90' lang='lat' dir='ltr'><strong>se</strong></span> <span class='ocrx_word' id='word_1_12' title='bbox 1703 166 1912 231; x_wconf 79' lang='lat' dir='ltr'><strong>repellit.</strong></span> <span class='ocrx_word' id='word_1_13' title='bbox 2012 167 2093 220; x_wconf 88' lang='lat' dir='ltr'><strong>Sic</strong></span> <span class='ocrx_word' id='word_1_14' title='bbox 2162 140 2170 238; x_wconf 11' lang='grc' dir='ltr'><strong>’γ</strong></span> 
     </span>
     <span class='ocr_line' id='line_1_3' title="bbox 100 227 2177 307; baseline 0 -27"><span class='ocrx_word' id='word_1_15' title='bbox 100 247 314 307; x_wconf 77' lang='lat' dir='ltr'><strong>36·hist0r.</strong></span> <span class='ocrx_word' id='word_1_16' title='bbox 344 228 591 280; x_wconf 81' lang='lat' dir='ltr'><strong>Basiliscus</strong></span> <span class='ocrx_word' id='word_1_17' title='bbox 613 229 718 279; x_wconf 77' lang='lat' dir='ltr'><strong>visu</strong></span> <span class='ocrx_word' id='word_1_18' title='bbox 749 241 922 284; x_wconf 89' lang='lat' dir='ltr'><strong>necat,</strong></span> <span class='ocrx_word' id='word_1_19' title='bbox 948 230 998 280; x_wconf 72' lang='grc' dir='ltr'><strong>ὅ(</strong></span> <span class='ocrx_word' id='word_1_20' title='bbox 1017 227 1188 278; x_wconf 86' lang='lat' dir='ltr'><strong>sibilo:</strong></span> <span class='ocrx_word' id='word_1_21' title='bbox 1235 229 1551 280; x_wconf 73' lang='lat' dir='ltr'><strong>Gallinaceus</strong></span> <span class='ocrx_word' id='word_1_22' title='bbox 1573 231 1867 280; x_wconf 86' lang='lat' dir='ltr'><strong>animalium</strong></span> <span class='ocrx_word' id='word_1_23' title='bbox 1897 233 2096 297; x_wconf 82' lang='lat' dir='ltr'>Regem</span> <span class='ocrx_word' id='word_1_24' title='bbox 2165 252 2177 291; x_wconf 76' lang='lat'><strong>³.</strong></span> 
     </span>
    </p>
   </div>
   <div class='ocr_carea' id='block_1_3' title="bbox 98 292 2177 366">
    <p class='ocr_par' dir='ltr' id='par_1_3' title="bbox 98 292 2177 366">
     <span class='ocr_line' id='line_1_4' title="bbox 98 292 2177 366; baseline -0.002 -19"><span class='ocrx_word' id='word_1_25' title='bbox 98 311 270 361; x_wconf 50' lang='lat' dir='ltr'><em>animal·</em></span> <span class='ocrx_word' id='word_1_26' title='bbox 343 295 488 345; x_wconf 82' lang='lat' dir='ltr'><strong>vertit</strong></span> <span class='ocrx_word' id='word_1_27' title='bbox 509 295 561 342; x_wconf 88' lang='lat' dir='ltr'><strong>in</strong></span> <span class='ocrx_word' id='word_1_28' title='bbox 581 305 782 357; x_wconf 84' lang='lat' dir='ltr'>turpem</span> <span class='ocrx_word' id='word_1_29' title='bbox 795 292 986 357; x_wconf 86' lang='lat' dir='ltr'><strong>fugam.</strong></span> <span class='ocrx_word' id='word_1_30' title='bbox 1053 293 1301 366; x_wconf 82' lang='lat' dir='ltr'><strong>Torpedo</strong></span> <span class='ocrx_word' id='word_1_31' title='bbox 1321 292 1594 359; x_wconf 81' lang='lat' dir='ltr'><strong>pisciculus,</strong></span> <span class='ocrx_word' id='word_1_32' title='bbox 1613 310 1824 345; x_wconf 86' lang='lat' dir='ltr'><strong>manum</strong></span> <span class='ocrx_word' id='word_1_33' title='bbox 1846 295 2097 362; x_wconf 88' lang='lat' dir='ltr'><strong>piscatoris</strong></span> <span class='ocrx_word' id='word_1_34' title='bbox 2165 293 2177 312; x_wconf 73' lang='grc'><strong>“’</strong></span> 
     </span>
    </p>
   </div>
   <div class='ocr_carea' id='block_1_4' title="bbox 85 355 2101 2630">
    <p class='ocr_par' dir='ltr' id='par_1_4' title="bbox 340 355 2095 423">
     <span class='ocr_line' id='line_1_5' title="bbox 340 355 2095 423; baseline 0.001 -17"><span class='ocrx_word' id='word_1_35' title='bbox 340 355 625 422; x_wconf 87' lang='lat' dir='ltr'><strong>stupefacit:</strong></span> <span class='ocrx_word' id='word_1_36' title='bbox 662 358 858 406; x_wconf 80' lang='lat' dir='ltr'>Taurus</span> <span class='ocrx_word' id='word_1_37' title='bbox 881 356 1056 406; x_wconf 87' lang='lat' dir='ltr'><strong>furore</strong></span> <span class='ocrx_word' id='word_1_38' title='bbox 1079 369 1308 421; x_wconf 84' lang='lat' dir='ltr'><strong>percitus,</strong></span> <span class='ocrx_word' id='word_1_39' title='bbox 1325 355 1442 406; x_wconf 88' lang='lat' dir='ltr'><strong>ficui</strong></span> <span class='ocrx_word' id='word_1_40' title='bbox 1460 356 1494 407; x_wconf 86' lang='lat' dir='ltr'><strong>fi</strong></span> <span class='ocrx_word' id='word_1_41' title='bbox 1515 358 1754 423; x_wconf 86' lang='lat' dir='ltr'><strong>alligetur,</strong></span> <span class='ocrx_word' id='word_1_42' title='bbox 1781 359 2095 408; x_wconf 84' lang='lat' dir='ltr'>mansuescit:</span> 
     </span>
    </p>

    <p class='ocr_par' dir='ltr' id='par_1_5' title="bbox 338 419 2097 485">
     <span class='ocr_line' id='line_1_6' title="bbox 338 419 2097 485; baseline 0 -15"><span class='ocrx_word' id='word_1_43' title='bbox 338 421 539 473; x_wconf 84' lang='lat' dir='ltr'><strong>Febrius</strong></span> <span class='ocrx_word' id='word_1_44' title='bbox 560 419 696 485; x_wconf 88' lang='lat' dir='ltr'><strong>piscis</strong></span> <span class='ocrx_word' id='word_1_45' title='bbox 718 421 941 483; x_wconf 83' lang='lat' dir='ltr'><strong>tangenti</strong></span> <span class='ocrx_word' id='word_1_46' title='bbox 964 419 1153 469; x_wconf 83' lang='lat' dir='ltr'><strong>affricat</strong></span> <span class='ocrx_word' id='word_1_47' title='bbox 1173 420 1355 470; x_wconf 80' lang='lat' dir='ltr'><strong>febrim</strong></span> <span class='ocrx_word' id='word_1_48' title='bbox 1370 453 1383 475; x_wconf 90' lang='lat'><strong>,</strong></span> <span class='ocrx_word' id='word_1_49' title='bbox 1406 420 1487 469; x_wconf 91' lang='lat' dir='ltr'><strong>sed</strong></span> <span class='ocrx_word' id='word_1_50' title='bbox 1513 437 1669 471; x_wconf 88' lang='lat' dir='ltr'><strong>manu</strong></span> <span class='ocrx_word' id='word_1_51' title='bbox 1695 421 1860 473; x_wconf 83' lang='lat' dir='ltr'><strong>missus</strong></span> <span class='ocrx_word' id='word_1_52' title='bbox 1893 423 2097 471; x_wconf 85' lang='lat' dir='ltr'><strong>resumit</strong></span> 
     </span>
    </p>

    <p class='ocr_par' dir='ltr' id='par_1_6' title="bbox 342 479 2097 549">
     <span class='ocr_line' id='line_1_7' title="bbox 342 479 2097 549; baseline 0 -15"><span class='ocrx_word' id='word_1_53' title='bbox 342 484 516 534; x_wconf 78' lang='lat' dir='ltr'><strong>denuo</strong></span> <span class='ocrx_word' id='word_1_54' title='bbox 538 481 758 533; x_wconf 87' lang='lat' dir='ltr'><strong>afflatam</strong></span> <span class='ocrx_word' id='word_1_55' title='bbox 788 484 926 532; x_wconf 88' lang='lat' dir='ltr'><strong>luem</strong></span> <span class='ocrx_word' id='word_1_56' title='bbox 943 516 956 537; x_wconf 90' lang='lat'><strong>,</strong></span> <span class='ocrx_word' id='word_1_57' title='bbox 980 479 1132 546; x_wconf 72' lang='lat' dir='ltr'><strong>teque</strong></span> <span class='ocrx_word' id='word_1_58' title='bbox 1153 483 1358 534; x_wconf 81' lang='lat' dir='ltr'><strong>dimittit</strong></span> <span class='ocrx_word' id='word_1_59' title='bbox 1376 483 1608 534; x_wconf 85' lang='lat' dir='ltr'><strong>liberum.</strong></span> <span class='ocrx_word' id='word_1_60' title='bbox 1677 486 1757 535; x_wconf 88' lang='lat' dir='ltr'><strong>Sic</strong></span> <span class='ocrx_word' id='word_1_61' title='bbox 1780 486 2097 549; x_wconf 89' lang='lat' dir='ltr'><strong>deniqueBu-</strong></span> 
     </span>
    </p>

    <p class='ocr_par' dir='ltr' id='par_1_7' title="bbox 344 543 2098 614">
     <span class='ocr_line' id='line_1_8' title="bbox 344 543 2098 614; baseline -0.001 -16"><span class='ocrx_word' id='word_1_62' title='bbox 344 543 638 614; x_wconf 84' lang='lat' dir='ltr'><strong>fo,palustre</strong></span> <span class='ocrx_word' id='word_1_63' title='bbox 660 547 1153 601; x_wconf 84' lang='lat' dir='ltr'><strong>dedecus,venenato</strong></span> <span class='ocrx_word' id='word_1_64' title='bbox 1175 546 1330 597; x_wconf 80' lang='lat' dir='ltr'><strong>halitu</strong></span> <span class='ocrx_word' id='word_1_65' title='bbox 1352 549 1551 598; x_wconf 78' lang='lat' dir='ltr'><strong>attrahit</strong></span> <span class='ocrx_word' id='word_1_66' title='bbox 1573 546 1857 603; x_wconf 86' lang='lat' dir='ltr'><strong>mustelam,</strong></span> <span class='ocrx_word' id='word_1_67' title='bbox 1873 549 2098 612; x_wconf 83' lang='lat' dir='ltr'><strong>&amp;,quod</strong></span> 
     </span>
    </p>

    <p class='ocr_par' dir='ltr' id='par_1_8' title="bbox 341 610 2094 676">
     <span class='ocr_line' id='line_1_9' title="bbox 341 610 2094 676; baseline 0 -16"><span class='ocrx_word' id='word_1_68' title='bbox 341 614 532 661; x_wconf 85' lang='lat' dir='ltr'><strong>mireris</strong></span> <span class='ocrx_word' id='word_1_69' title='bbox 549 645 561 665; x_wconf 93' lang='lat'><strong>,</strong></span> <span class='ocrx_word' id='word_1_70' title='bbox 596 610 787 661; x_wconf 86' lang='lat' dir='ltr'><strong>hiantes</strong></span> <span class='ocrx_word' id='word_1_71' title='bbox 819 613 1003 660; x_wconf 85' lang='lat' dir='ltr'><strong>intrare</strong></span> <span class='ocrx_word' id='word_1_72' title='bbox 1031 610 1178 660; x_wconf 64' lang='lat' dir='ltr'><strong>rietus</strong></span> <span class='ocrx_word' id='word_1_73' title='bbox 1208 614 1347 676; x_wconf 85' lang='lat' dir='ltr'><strong>cogit</strong></span> <span class='ocrx_word' id='word_1_74' title='bbox 1383 626 1673 676; x_wconf 78' lang='lat' dir='ltr'><strong>gementem</strong></span> <span class='ocrx_word' id='word_1_75' title='bbox 1691 648 1703 669; x_wconf 88' lang='lat'><strong>,</strong></span> <span class='ocrx_word' id='word_1_76' title='bbox 1731 617 1780 664; x_wconf 66' lang='grc' dir='ltr'><strong>δε</strong></span> <span class='ocrx_word' id='word_1_77' title='bbox 1799 614 2094 671; x_wconf 80' lang='lat' dir='ltr'><strong>ejulantem:</strong></span> 
     </span>
    </p>

    <p class='ocr_par' dir='ltr' id='par_1_9' title="bbox 337 674 2097 732">
     <span class='ocr_line' id='line_1_10' title="bbox 337 674 2097 732; baseline -0.001 -7"><span class='ocrx_word' id='word_1_78' title='bbox 337 674 448 725; x_wconf 82' lang='lat' dir='ltr'><strong>imo</strong></span> <span class='ocrx_word' id='word_1_79' title='bbox 472 674 783 731; x_wconf 86' lang='lat' dir='ltr'><strong>Lusciniam,</strong></span> <span class='ocrx_word' id='word_1_80' title='bbox 810 676 1043 725; x_wconf 90' lang='lat' dir='ltr'><strong>innocuo</strong></span> <span class='ocrx_word' id='word_1_81' title='bbox 1072 687 1222 725; x_wconf 87' lang='lat' dir='ltr'><strong>cantu</strong></span> <span class='ocrx_word' id='word_1_82' title='bbox 1251 678 1376 725; x_wconf 86' lang='lat' dir='ltr'><strong>veris</strong></span> <span class='ocrx_word' id='word_1_83' title='bbox 1407 678 1716 727; x_wconf 78' lang='lat' dir='ltr'><strong>animantem</strong></span> <span class='ocrx_word' id='word_1_84' title='bbox 1742 678 1965 732; x_wconf 74' lang='lat' dir='ltr'><strong>delicias,</strong></span> <span class='ocrx_word' id='word_1_85' title='bbox 1987 678 2097 725; x_wconf 88' lang='lat' dir='ltr'><strong>solo</strong></span> 
     </span>
    </p>

    <p class='ocr_par' dir='ltr' id='par_1_10' title="bbox 337 737 2099 804">
     <span class='ocr_line' id='line_1_11' title="bbox 337 737 2099 804; baseline -0.001 -15"><span class='ocrx_word' id='word_1_86' title='bbox 337 739 496 789; x_wconf 88' lang='lat' dir='ltr'><strong>halitu</strong></span> <span class='ocrx_word' id='word_1_87' title='bbox 518 740 805 803; x_wconf 77' lang='lat' dir='ltr'><strong>deplumat,</strong></span> <span class='ocrx_word' id='word_1_88' title='bbox 844 739 1067 788; x_wconf 86' lang='lat' dir='ltr'><strong>casuram</strong></span> <span class='ocrx_word' id='word_1_89' title='bbox 1097 737 1200 788; x_wconf 83' lang='lat' dir='ltr'><strong>cito</strong></span> <span class='ocrx_word' id='word_1_90' title='bbox 1233 740 1454 804; x_wconf 81' lang='lat' dir='ltr'><strong>praedam</strong></span> <span class='ocrx_word' id='word_1_91' title='bbox 1487 741 1640 790; x_wconf 81' lang='lat' dir='ltr'><strong>avidis</strong></span> <span class='ocrx_word' id='word_1_92' title='bbox 1673 741 1898 790; x_wconf 80' lang='lat' dir='ltr'><strong>faucibus</strong></span> <span class='ocrx_word' id='word_1_93' title='bbox 1927 755 2099 803; x_wconf 75' lang='lat' dir='ltr'><strong>excep-</strong></span> 
     </span>
    </p>

    <p class='ocr_par' dir='ltr' id='par_1_11' title="bbox 334 801 2099 866">
     <span class='ocr_line' id='line_1_12' title="bbox 334 801 2099 866; baseline -0.001 -15"><span class='ocrx_word' id='word_1_94' title='bbox 334 813 491 853; x_wconf 84' lang='lat' dir='ltr'><strong>turus.</strong></span> <span class='ocrx_word' id='word_1_95' title='bbox 548 804 685 852; x_wconf 83' lang='lat' dir='ltr'><strong>Sicut</strong></span> <span class='ocrx_word' id='word_1_96' title='bbox 707 803 770 852; x_wconf 79' lang='lat' dir='ltr'><strong>ad</strong></span> <span class='ocrx_word' id='word_1_97' title='bbox 800 817 969 852; x_wconf 85' lang='lat' dir='ltr'><strong>arcem</strong></span> <span class='ocrx_word' id='word_1_98' title='bbox 990 801 1221 851; x_wconf 89' lang='lat' dir='ltr'><strong>Ombros</strong></span> <span class='ocrx_word' id='word_1_99' title='bbox 1243 804 1546 866; x_wconf 86' lang='lat' dir='ltr'><strong>Oeniponto</strong></span> <span class='ocrx_word' id='word_1_100' title='bbox 1575 805 1819 856; x_wconf 87' lang='lat' dir='ltr'><strong>vicinam,</strong></span> <span class='ocrx_word' id='word_1_101' title='bbox 1842 802 2099 865; x_wconf 70' lang='lat' dir='ltr'><strong>contigiss&#39;c</strong></span> 
     </span>
    </p>

    <p class='ocr_par' dir='ltr' id='par_1_12' title="bbox 372 862 2098 930">
     <span class='ocr_line' id='line_1_13' title="bbox 372 862 2098 930; baseline -0.001 -15"><span class='ocrx_word' id='word_1_102' title='bbox 372 866 600 916; x_wconf 88' lang='lat' dir='ltr'><strong>erhibent</strong></span> <span class='ocrx_word' id='word_1_103' title='bbox 619 868 806 917; x_wconf 88' lang='lat' dir='ltr'><strong>oculati</strong></span> <span class='ocrx_word' id='word_1_104' title='bbox 828 862 988 921; x_wconf 80' lang='lat' dir='ltr'><strong>testes,</strong></span> <span class='ocrx_word' id='word_1_105' title='bbox 1008 867 1092 928; x_wconf 81' lang='lat' dir='ltr'><strong>qui</strong></span> <span class='ocrx_word' id='word_1_106' title='bbox 1117 865 1249 914; x_wconf 86' lang='lat' dir='ltr'><strong>suavi</strong></span> <span class='ocrx_word' id='word_1_107' title='bbox 1272 864 1459 930; x_wconf 79' lang='lat' dir='ltr'><strong>primo,</strong></span> <span class='ocrx_word' id='word_1_108' title='bbox 1484 865 1564 912; x_wconf 88' lang='lat' dir='ltr'><strong>sed</strong></span> <span class='ocrx_word' id='word_1_109' title='bbox 1582 864 1757 914; x_wconf 79' lang='lat' dir='ltr'><strong>senfim</strong></span> <span class='ocrx_word' id='word_1_110' title='bbox 1776 866 1974 930; x_wconf 84' lang='lat' dir='ltr'><strong>lugubri</strong></span> <span class='ocrx_word' id='word_1_111' title='bbox 1987 865 2098 915; x_wconf 82' lang='lat' dir='ltr'><strong>Phi·</strong></span> 
     </span>
    </p>

    <p class='ocr_par' dir='ltr' id='par_1_13' title="bbox 358 925 2094 994">
     <span class='ocr_line' id='line_1_14' title="bbox 358 925 2094 994; baseline -0.001 -16"><span class='ocrx_word' id='word_1_112' title='bbox 358 931 540 979; x_wconf 85' lang='lat' dir='ltr'><strong>omelae</strong></span> <span class='ocrx_word' id='word_1_113' title='bbox 566 944 718 981; x_wconf 88' lang='lat' dir='ltr'><strong>cantu</strong></span> <span class='ocrx_word' id='word_1_114' title='bbox 751 932 892 979; x_wconf 82' lang='lat' dir='ltr'><strong>exciti</strong></span> <span class='ocrx_word' id='word_1_115' title='bbox 909 963 922 982; x_wconf 90' lang='lat'><strong>,</strong></span> <span class='ocrx_word' id='word_1_116' title='bbox 948 925 1140 978; x_wconf 74' lang='lat' dir='ltr'><strong>moestae</strong></span> <span class='ocrx_word' id='word_1_117' title='bbox 1164 927 1281 976; x_wconf 88' lang='lat' dir='ltr'><strong>huic</strong></span> <span class='ocrx_word' id='word_1_118' title='bbox 1315 928 1570 992; x_wconf 78' lang='lat' dir='ltr'><strong>tragoediae</strong></span> <span class='ocrx_word' id='word_1_119' title='bbox 1604 932 1874 978; x_wconf 79' lang='lat' dir='ltr'><strong>intererant</strong></span> <span class='ocrx_word' id='word_1_120' title='bbox 1898 929 2094 994; x_wconf 62' lang='lat' dir='ltr'><strong>§pesta-</strong></span> 
     </span>
    </p>

    <p class='ocr_par' dir='ltr' id='par_1_14' title="bbox 337 989 2096 1057">
     <span class='ocr_line' id='line_1_15' title="bbox 337 989 2096 1057; baseline -0.002 -14"><span class='ocrx_word' id='word_1_121' title='bbox 337 1006 491 1043; x_wconf 89' lang='lat' dir='ltr'><strong>torcs.</strong></span> <span class='ocrx_word' id='word_1_122' title='bbox 593 995 762 1044; x_wconf 85' lang='lat' dir='ltr'><strong>Habes</strong></span> <span class='ocrx_word' id='word_1_123' title='bbox 782 996 833 1042; x_wconf 89' lang='lat' dir='ltr'><strong>in</strong></span> <span class='ocrx_word' id='word_1_124' title='bbox 855 993 1049 1041; x_wconf 82' lang='lat' dir='ltr'><strong>bufone</strong></span> <span class='ocrx_word' id='word_1_125' title='bbox 1070 992 1189 1040; x_wconf 89' lang='lat' dir='ltr'><strong>mali</strong></span> <span class='ocrx_word' id='word_1_126' title='bbox 1213 992 1345 1049; x_wconf 75' lang='lat' dir='ltr'><strong>Socii</strong></span> <span class='ocrx_word' id='word_1_127' title='bbox 1365 992 1690 1057; x_wconf 79' lang='lat' dir='ltr'><strong>Symbolum,</strong></span> <span class='ocrx_word' id='word_1_128' title='bbox 1711 993 1778 1042; x_wconf 87' lang='lat' dir='ltr'><strong>sat</strong></span> <span class='ocrx_word' id='word_1_129' title='bbox 1798 994 1988 1042; x_wconf 88' lang='lat' dir='ltr'><strong>clarum</strong></span> <span class='ocrx_word' id='word_1_130' title='bbox 2009 989 2096 1046; x_wconf 88' lang='lat' dir='ltr'><strong>est,</strong></span> 
     </span>
    </p>

    <p class='ocr_par' dir='ltr' id='par_1_15' title="bbox 336 1055 2097 1122">
     <span class='ocr_line' id='line_1_16' title="bbox 336 1055 2097 1122; baseline -0.001 -15"><span class='ocrx_word' id='word_1_131' title='bbox 336 1073 473 1112; x_wconf 90' lang='lat' dir='ltr'><strong>reor,</strong></span> <span class='ocrx_word' id='word_1_132' title='bbox 492 1057 594 1107; x_wconf 87' lang='lat' dir='ltr'><strong>fine</strong></span> <span class='ocrx_word' id='word_1_133' title='bbox 615 1060 898 1122; x_wconf 75' lang='lat' dir='ltr'><strong>interprete,</strong></span> <span class='ocrx_word' id='word_1_134' title='bbox 918 1056 1164 1120; x_wconf 86' lang='lat' dir='ltr'><strong>applicare</strong></span> <span class='ocrx_word' id='word_1_135' title='bbox 1188 1055 1387 1120; x_wconf 83' lang='lat' dir='ltr'><strong>potes,fi</strong></span> <span class='ocrx_word' id='word_1_136' title='bbox 1406 1056 1541 1105; x_wconf 85' lang='lat' dir='ltr'><strong>velis.</strong></span> <span class='ocrx_word' id='word_1_137' title='bbox 1612 1057 1680 1107; x_wconf 92' lang='lat' dir='ltr'><strong>Ut</strong></span> <span class='ocrx_word' id='word_1_138' title='bbox 1698 1055 1820 1106; x_wconf 84' lang='lat' dir='ltr'><strong>nihil</strong></span> <span class='ocrx_word' id='word_1_139' title='bbox 1843 1056 2008 1106; x_wconf 89' lang='lat' dir='ltr'><strong>dicam</strong></span> <span class='ocrx_word' id='word_1_140' title='bbox 2033 1057 2097 1105; x_wconf 88' lang='lat' dir='ltr'><strong>de</strong></span> 
     </span>
    </p>

    <p class='ocr_par' dir='ltr' id='par_1_16' title="bbox 337 1119 2098 1188">
     <span class='ocr_line' id='line_1_17' title="bbox 337 1119 2098 1188; baseline -0.001 -19"><span class='ocrx_word' id='word_1_141' title='bbox 337 1121 589 1188; x_wconf 84' lang='lat' dir='ltr'><strong>paradoxa</strong></span> <span class='ocrx_word' id='word_1_142' title='bbox 602 1122 823 1174; x_wconf 88' lang='lat' dir='ltr'><strong>Aranea,</strong></span> <span class='ocrx_word' id='word_1_143' title='bbox 850 1134 1006 1183; x_wconf 89' lang='lat' dir='ltr'><strong>quam</strong></span> <span class='ocrx_word' id='word_1_144' title='bbox 1036 1120 1119 1167; x_wconf 89' lang='lat' dir='ltr'><strong>alit</strong></span> <span class='ocrx_word' id='word_1_145' title='bbox 1142 1119 1357 1184; x_wconf 79' lang='lat' dir='ltr'><strong>Apulia,</strong></span> <span class='ocrx_word' id='word_1_146' title='bbox 1382 1123 1432 1170; x_wconf 64' lang='grc' dir='ltr'><strong>ὃς</strong></span> <span class='ocrx_word' id='word_1_147' title='bbox 1459 1119 1637 1170; x_wconf 84' lang='lat' dir='ltr'><strong>incolae</strong></span> <span class='ocrx_word' id='word_1_148' title='bbox 1664 1121 1854 1184; x_wconf 86' lang='lat' dir='ltr'><strong>vulgari</strong></span> <span class='ocrx_word' id='word_1_149' title='bbox 1883 1123 2098 1169; x_wconf 88' lang='lat' dir='ltr'><strong>nominc</strong></span> 
     </span>
    </p>

    <p class='ocr_par' dir='ltr' id='par_1_17' title="bbox 335 1180 2099 1246">
     <span class='ocr_line' id='line_1_18' title="bbox 335 1180 2099 1246; baseline -0.001 -12"><span class='ocrx_word' id='word_1_150' title='bbox 335 1197 528 1235; x_wconf 84' lang='lat' dir='ltr'><strong>vocant</strong></span> <span class='ocrx_word' id='word_1_151' title='bbox 552 1183 862 1232; x_wconf 73' lang='lat' dir='ltr'><strong>Tarantnlam:</strong></span> <span class='ocrx_word' id='word_1_152' title='bbox 912 1183 1018 1232; x_wconf 72' lang='lat' dir='ltr'><strong>haec</strong></span> <span class='ocrx_word' id='word_1_153' title='bbox 1038 1182 1337 1232; x_wconf 74' lang='lat' dir='ltr'><strong>messoribus</strong></span> <span class='ocrx_word' id='word_1_154' title='bbox 1355 1180 1545 1238; x_wconf 87' lang='lat' dir='ltr'><strong>infesta,</strong></span> <span class='ocrx_word' id='word_1_155' title='bbox 1559 1183 1594 1233; x_wconf 81' lang='lat' dir='ltr'>fi</span> <span class='ocrx_word' id='word_1_156' title='bbox 1613 1199 1769 1246; x_wconf 89' lang='lat' dir='ltr'><strong>quem</strong></span> <span class='ocrx_word' id='word_1_157' title='bbox 1791 1185 2001 1233; x_wconf 88' lang='lat' dir='ltr'><strong>inimico</strong></span> <span class='ocrx_word' id='word_1_158' title='bbox 2019 1195 2099 1232; x_wconf 88' lang='lat' dir='ltr'><strong>to·</strong></span> 
     </span>
    </p>

    <p class='ocr_par' dir='ltr' id='par_1_18' title="bbox 336 1246 2098 1312">
     <span class='ocr_line' id='line_1_19' title="bbox 336 1246 2098 1312; baseline -0.001 -14"><span class='ocrx_word' id='word_1_159' title='bbox 336 1251 452 1298; x_wconf 81' lang='lat' dir='ltr'><strong>xico</strong></span> <span class='ocrx_word' id='word_1_160' title='bbox 485 1246 641 1302; x_wconf 83' lang='lat' dir='ltr'><strong>feriit,</strong></span> <span class='ocrx_word' id='word_1_161' title='bbox 675 1264 799 1297; x_wconf 83' lang='lat' dir='ltr'><strong>mox</strong></span> <span class='ocrx_word' id='word_1_162' title='bbox 832 1247 1036 1296; x_wconf 83' lang='lat' dir='ltr'><strong>deducit</strong></span> <span class='ocrx_word' id='word_1_163' title='bbox 1063 1246 1125 1295; x_wconf 89' lang='lat' dir='ltr'><strong>ad</strong></span> <span class='ocrx_word' id='word_1_164' title='bbox 1158 1247 1296 1295; x_wconf 86' lang='lat' dir='ltr'><strong>luem</strong></span> <span class='ocrx_word' id='word_1_165' title='bbox 1324 1246 1579 1296; x_wconf 79' lang='lat' dir='ltr'><strong>tabificam</strong></span> <span class='ocrx_word' id='word_1_166' title='bbox 1602 1281 1615 1303; x_wconf 90' lang='lat'><strong>,</strong></span> <span class='ocrx_word' id='word_1_167' title='bbox 1647 1248 1757 1296; x_wconf 90' lang='lat' dir='ltr'><strong>solo</strong></span> <span class='ocrx_word' id='word_1_168' title='bbox 1793 1247 2098 1312; x_wconf 87' lang='lat' dir='ltr'><strong>Amphione</strong></span> 
     </span>
    </p>

    <p class='ocr_par' dir='ltr' id='par_1_19' title="bbox 336 1309 2098 1374">
     <span class='ocr_line' id='line_1_20' title="bbox 336 1309 2098 1374; baseline -0.002 -11"><span class='ocrx_word' id='word_1_169' title='bbox 336 1312 570 1368; x_wconf 89' lang='lat' dir='ltr'><strong>Medico,</strong></span> <span class='ocrx_word' id='word_1_170' title='bbox 594 1309 696 1361; x_wconf 69' lang='lat' dir='ltr'><strong>sola</strong></span> <span class='ocrx_word' id='word_1_171' title='bbox 714 1309 909 1361; x_wconf 70' lang='lat' dir='ltr'><strong>Musica</strong></span> <span class='ocrx_word' id='word_1_172' title='bbox 928 1310 1198 1361; x_wconf 84' lang='lat' dir='ltr'><strong>Medicinae</strong></span> <span class='ocrx_word' id='word_1_173' title='bbox 1218 1309 1343 1360; x_wconf 80' lang='lat' dir='ltr'><strong>loco</strong></span> <span class='ocrx_word' id='word_1_174' title='bbox 1363 1309 1546 1366; x_wconf 56' lang='lat' dir='ltr'><strong>relietfu</strong></span> <span class='ocrx_word' id='word_1_175' title='bbox 1560 1327 1658 1374; x_wconf 83' lang='lat' dir='ltr'><strong>qua</strong></span> <span class='ocrx_word' id='word_1_176' title='bbox 1677 1312 1884 1359; x_wconf 82' lang='lat' dir='ltr'><strong>saltitare</strong></span> <span class='ocrx_word' id='word_1_177' title='bbox 1905 1309 2098 1360; x_wconf 85' lang='lat' dir='ltr'><strong>afflatus</strong></span> 
     </span>
    </p>

    <p class='ocr_par' dir='ltr' id='par_1_20' title="bbox 184 1374 2100 1454">
     <span class='ocr_line' id='line_1_21' title="bbox 184 1374 2100 1454; baseline -0.001 -28"><span class='ocrx_word' id='word_1_178' title='bbox 184 1419 214 1454; x_wconf 68' lang='lat' dir='ltr'>a</span> <span class='ocrx_word' id='word_1_179' title='bbox 336 1378 536 1440; x_wconf 88' lang='lat' dir='ltr'><strong>cogitur</strong></span> <span class='ocrx_word' id='word_1_180' title='bbox 552 1410 564 1431; x_wconf 88' lang='lat'><strong>,</strong></span> <span class='ocrx_word' id='word_1_181' title='bbox 587 1376 650 1425; x_wconf 88' lang='lat' dir='ltr'><strong>ad</strong></span> <span class='ocrx_word' id='word_1_182' title='bbox 680 1376 830 1439; x_wconf 75' lang='lat' dir='ltr'><strong>usque</strong></span> <span class='ocrx_word' id='word_1_183' title='bbox 855 1376 1162 1437; x_wconf 84' lang='lat' dir='ltr'><strong>deliquium,</strong></span> <span class='ocrx_word' id='word_1_184' title='bbox 1185 1374 1308 1424; x_wconf 89' lang='lat' dir='ltr'><strong>dum</strong></span> <span class='ocrx_word' id='word_1_185' title='bbox 1330 1390 1550 1429; x_wconf 86' lang='lat' dir='ltr'><strong>veneno,</strong></span> <span class='ocrx_word' id='word_1_186' title='bbox 1578 1391 1664 1439; x_wconf 87' lang='lat' dir='ltr'><strong>per</strong></span> <span class='ocrx_word' id='word_1_187' title='bbox 1683 1375 1920 1424; x_wconf 86' lang='lat' dir='ltr'><strong>sudorem</strong></span> <span class='ocrx_word' id='word_1_188' title='bbox 1943 1385 2100 1424; x_wconf 84' lang='lat' dir='ltr'><strong>extra-</strong></span> 
     </span>
    </p>

    <p class='ocr_par' dir='ltr' id='par_1_21' title="bbox 86 1434 2098 1517">
     <span class='ocr_line' id='line_1_22' title="bbox 86 1434 2098 1517; baseline -0.002 -27"><span class='ocrx_word' id='word_1_189' title='bbox 86 1452 121 1517; x_wconf 50' lang='grc' dir='ltr'><strong><em>ε</em></strong></span> <span class='ocrx_word' id='word_1_190' title='bbox 150 1472 213 1516; x_wconf 69' lang='grc' dir='ltr'><strong>Βτ</strong></span> <span class='ocrx_word' id='word_1_191' title='bbox 246 1468 262 1515; x_wconf 69' lang='lat' dir='ltr'><em>l</em></span> <span class='ocrx_word' id='word_1_192' title='bbox 337 1440 451 1494; x_wconf 68' lang='lat' dir='ltr'><strong>eto,</strong></span> <span class='ocrx_word' id='word_1_193' title='bbox 474 1437 684 1505; x_wconf 80' lang='lat' dir='ltr'><strong>pristinae</strong></span> <span class='ocrx_word' id='word_1_194' title='bbox 709 1434 1299 1489; x_wconf 83' lang='lat' dir='ltr'><strong>valetudinirestituatur.</strong></span> <span class='ocrx_word' id='word_1_195' title='bbox 1368 1454 1397 1487; x_wconf 91' lang='lat' dir='ltr'><strong>a</strong></span> <span class='ocrx_word' id='word_1_196' title='bbox 1447 1439 1514 1490; x_wconf 93' lang='lat' dir='ltr'><strong>Ut</strong></span> <span class='ocrx_word' id='word_1_197' title='bbox 1537 1439 1658 1487; x_wconf 86' lang='lat' dir='ltr'><strong>nihil</strong></span> <span class='ocrx_word' id='word_1_198' title='bbox 1680 1439 1743 1487; x_wconf 86' lang='lat' dir='ltr'><strong>de</strong></span> <span class='ocrx_word' id='word_1_199' title='bbox 1778 1441 1967 1497; x_wconf 81' lang='lat' dir='ltr'><strong>Remora</strong></span> <span class='ocrx_word' id='word_1_200' title='bbox 1993 1453 2098 1486; x_wconf 89' lang='lat' dir='ltr'><strong>me-</strong></span> 
     </span>
    </p>

    <p class='ocr_par' dir='ltr' id='par_1_22' title="bbox 85 1486 2101 1582">
     <span class='ocr_line' id='line_1_23' title="bbox 85 1486 2101 1582; baseline -0 -30"><span class='ocrx_word' id='word_1_201' title='bbox 85 1486 291 1582; x_wconf 57' lang='lat' dir='ltr'><strong>&amp;A‘m&#39;b’r</strong></span> <span class='ocrx_word' id='word_1_202' title='bbox 340 1520 548 1553; x_wconf 89' lang='lat' dir='ltr'><strong>morem</strong></span> <span class='ocrx_word' id='word_1_203' title='bbox 572 1537 586 1559; x_wconf 91' lang='lat'><strong>,</strong></span> <span class='ocrx_word' id='word_1_204' title='bbox 617 1506 705 1567; x_wconf 84' lang='lat' dir='ltr'><strong>qui</strong></span> <span class='ocrx_word' id='word_1_205' title='bbox 735 1502 1080 1567; x_wconf 82' lang='lat' dir='ltr'><strong>sesquipedalis</strong></span> <span class='ocrx_word' id='word_1_206' title='bbox 1112 1502 1367 1567; x_wconf 84' lang='lat' dir='ltr'><strong>pisciculus</strong></span> <span class='ocrx_word' id='word_1_207' title='bbox 1389 1535 1401 1556; x_wconf 88' lang='lat'><strong>,</strong></span> <span class='ocrx_word' id='word_1_208' title='bbox 1432 1513 1538 1551; x_wconf 84' lang='lat' dir='ltr'><strong>tam</strong></span> <span class='ocrx_word' id='word_1_209' title='bbox 1576 1499 1791 1551; x_wconf 84' lang='lat' dir='ltr'><strong>robustae</strong></span> <span class='ocrx_word' id='word_1_210' title='bbox 1821 1502 1978 1551; x_wconf 85' lang='lat' dir='ltr'><strong>fertur</strong></span> <span class='ocrx_word' id='word_1_211' title='bbox 2005 1501 2101 1552; x_wconf 82' lang='lat' dir='ltr'><strong>effe</strong></span> 
     </span>
    </p>

    <p class='ocr_par' dir='ltr' id='par_1_23' title="bbox 86 1565 2098 1651">
     <span class='ocr_line' id='line_1_24' title="bbox 86 1565 2098 1651; baseline -0.003 -33"><span class='ocrx_word' id='word_1_212' title='bbox 86 1600 138 1647; x_wconf 81' lang='lat' dir='ltr'><em>A</em></span> <span class='ocrx_word' id='word_1_213' title='bbox 170 1596 211 1651; x_wconf 72' lang='lat' dir='ltr'><em>st</em></span> <span class='ocrx_word' id='word_1_214' title='bbox 242 1596 257 1642; x_wconf 67' lang='lat' dir='ltr'><em>l</em></span> <span class='ocrx_word' id='word_1_215' title='bbox 282 1568 308 1641; x_wconf 68' lang='lat'><strong>2⁸</strong></span> <span class='ocrx_word' id='word_1_216' title='bbox 340 1569 618 1622; x_wconf 86' lang='lat' dir='ltr'><strong>virtutis,ut</strong></span> <span class='ocrx_word' id='word_1_217' title='bbox 639 1569 820 1631; x_wconf 85' lang='lat' dir='ltr'><strong>Nepos</strong></span> <span class='ocrx_word' id='word_1_218' title='bbox 842 1569 1042 1616; x_wconf 66' lang='lat' dir='ltr'><strong>Senecae</strong></span> <span class='ocrx_word' id='word_1_219' title='bbox 1064 1566 1310 1613; x_wconf 88' lang='lat' dir='ltr'><strong>laureatus</strong></span> <span class='ocrx_word' id='word_1_220' title='bbox 1335 1565 1396 1612; x_wconf 92' lang='lat' dir='ltr'><strong>de</strong></span> <span class='ocrx_word' id='word_1_221' title='bbox 1424 1566 1513 1614; x_wconf 92' lang='lat' dir='ltr'><strong>illo</strong></span> <span class='ocrx_word' id='word_1_222' title='bbox 1537 1568 1797 1614; x_wconf 88' lang='lat' dir='ltr'><strong>cecinerit:</strong></span> <span class='ocrx_word' id='word_1_223' title='bbox 1828 1569 2003 1626; x_wconf 80' lang='lat' dir='ltr'><strong>puppim</strong></span> <span class='ocrx_word' id='word_1_224' title='bbox 2030 1583 2098 1612; x_wconf 87' lang='lat' dir='ltr'><strong>re-</strong></span> 
     </span>
    </p>

    <p class='ocr_par' dir='ltr' id='par_1_24' title="bbox 88 1615 2097 1713">
     <span class='ocr_line' id='line_1_25' title="bbox 88 1615 2097 1713; baseline -0.001 -34"><span class='ocrx_word' id='word_1_225' title='bbox 88 1663 116 1708; x_wconf 69' lang='lat' dir='ltr'><strong><em>d</em></strong></span> <span class='ocrx_word' id='word_1_226' title='bbox 139 1615 248 1713; x_wconf 61' lang='lat' dir='ltr'><em>rlhst</em></span> <span class='ocrx_word' id='word_1_227' title='bbox 262 1633 273 1643; x_wconf 81' lang='grc'>’</span> <span class='ocrx_word' id='word_1_228' title='bbox 339 1635 501 1682; x_wconf 77' lang='lat' dir='ltr'><strong>tinem,</strong></span> <span class='ocrx_word' id='word_1_229' title='bbox 525 1647 629 1677; x_wconf 73' lang='lat' dir='ltr'><strong>auro</strong></span> <span class='ocrx_word' id='word_1_230' title='bbox 656 1632 853 1676; x_wconf 74' lang='lat' dir='ltr'><strong>tendente</strong></span> <span class='ocrx_word' id='word_1_231' title='bbox 879 1631 1076 1675; x_wconf 67' lang='lat' dir='ltr'><strong>rudentes</strong></span> <span class='ocrx_word' id='word_1_232' title='bbox 1101 1631 1145 1673; x_wconf 78' lang='lat' dir='ltr'><strong>in</strong></span> <span class='ocrx_word' id='word_1_233' title='bbox 1164 1628 1312 1686; x_wconf 75' lang='lat' dir='ltr'><strong>medijs</strong></span> <span class='ocrx_word' id='word_1_234' title='bbox 1334 1629 1530 1674; x_wconf 70' lang='lat' dir='ltr'><strong>Echineis</strong></span> <span class='ocrx_word' id='word_1_235' title='bbox 1550 1632 1686 1691; x_wconf 63' lang='lat' dir='ltr'><strong>aqais.</strong></span> <span class='ocrx_word' id='word_1_236' title='bbox 1788 1626 1938 1678; x_wconf 71' lang='lat' dir='ltr'><strong>Certe</strong></span> <span class='ocrx_word' id='word_1_237' title='bbox 1958 1633 2010 1677; x_wconf 84' lang='lat' dir='ltr'><strong>in</strong></span> <span class='ocrx_word' id='word_1_238' title='bbox 2023 1629 2097 1677; x_wconf 87' lang='lat' dir='ltr'><strong>A·</strong></span> 
     </span>
    </p>

    <p class='ocr_par' dir='ltr' id='par_1_25' title="bbox 119 1679 2095 1769">
     <span class='ocr_line' id='line_1_26' title="bbox 119 1679 2095 1769; baseline -0.002 -24"><span class='ocrx_word' id='word_1_239' title='bbox 119 1679 162 1735; x_wconf 68' lang='lat' dir='ltr'><strong>e·</strong></span> <span class='ocrx_word' id='word_1_240' title='bbox 200 1679 212 1705; x_wconf 58' lang='grc' dir='ltr'><strong><em>Ζ</em></strong></span> <span class='ocrx_word' id='word_1_241' title='bbox 235 1696 263 1769; x_wconf 69' lang='lat' dir='ltr'><strong>l&#39;</strong></span> <span class='ocrx_word' id='word_1_242' title='bbox 341 1691 498 1745; x_wconf 66' lang='lat' dir='ltr'><strong>&amp;iaca</strong></span> <span class='ocrx_word' id='word_1_243' title='bbox 521 1690 690 1760; x_wconf 67' lang='lat' dir='ltr'><strong>pugna</strong></span> <span class='ocrx_word' id='word_1_244' title='bbox 712 1693 928 1749; x_wconf 73' lang='lat' dir='ltr'><strong>Antonii</strong></span> <span class='ocrx_word' id='word_1_245' title='bbox 948 1692 1239 1741; x_wconf 81' lang='lat' dir='ltr'><strong>Praetoriam</strong></span> <span class='ocrx_word' id='word_1_246' title='bbox 1258 1687 1418 1739; x_wconf 75' lang='lat' dir='ltr'><strong>stitisse</strong></span> <span class='ocrx_word' id='word_1_247' title='bbox 1442 1692 1646 1739; x_wconf 89' lang='lat' dir='ltr'><strong>dicitur:</strong></span> <span class='ocrx_word' id='word_1_248' title='bbox 1696 1688 1805 1740; x_wconf 80' lang='lat' dir='ltr'><strong>imo</strong></span> <span class='ocrx_word' id='word_1_249' title='bbox 1831 1692 2095 1747; x_wconf 60' lang='lat' dir='ltr'><strong>Caij0Prin-</strong></span> 
     </span>
    </p>

    <p class='ocr_par' dir='ltr' id='par_1_26' title="bbox 87 1740 2097 1833">
     <span class='ocr_line' id='line_1_27' title="bbox 87 1740 2097 1833; baseline -0.002 -24"><span class='ocrx_word' id='word_1_250' title='bbox 87 1740 232 1833; x_wconf 59' lang='lat' dir='ltr'><strong>⁴⁷²}ma</strong></span> <span class='ocrx_word' id='word_1_251' title='bbox 255 1759 266 1772; x_wconf 86' lang='grc'><em>’</em></span> <span class='ocrx_word' id='word_1_252' title='bbox 341 1761 459 1825; x_wconf 86' lang='lat' dir='ltr'><strong>cipis</strong></span> <span class='ocrx_word' id='word_1_253' title='bbox 490 1757 869 1820; x_wconf 76' lang='lat' dir='ltr'><strong>quadriremem,</strong></span> <span class='ocrx_word' id='word_1_254' title='bbox 888 1767 1001 1805; x_wconf 89' lang='lat' dir='ltr'><strong>utut</strong></span> <span class='ocrx_word' id='word_1_255' title='bbox 1023 1756 1274 1817; x_wconf 80' lang='lat' dir='ltr'><strong>remigum</strong></span> <span class='ocrx_word' id='word_1_256' title='bbox 1301 1754 1789 1817; x_wconf 85' lang='lat' dir='ltr'><strong>quadringentorum</strong></span> <span class='ocrx_word' id='word_1_257' title='bbox 1811 1756 2005 1818; x_wconf 88' lang='lat' dir='ltr'><strong>impetu</strong></span> <span class='ocrx_word' id='word_1_258' title='bbox 2025 1757 2097 1804; x_wconf 86' lang='lat' dir='ltr'><strong>in-</strong></span> 
     </span>
    </p>

    <p class='ocr_par' dir='ltr' id='par_1_27' title="bbox 85 1800 2097 1900">
     <span class='ocr_line' id='line_1_28' title="bbox 85 1800 2097 1900; baseline -0.001 -28"><span class='ocrx_word' id='word_1_259' title='bbox 85 1800 219 1900; x_wconf 52' lang='lat' dir='ltr'><strong>}lfl‘</strong></span> <span class='ocrx_word' id='word_1_260' title='bbox 235 1851 251 1898; x_wconf 67' lang='lat' dir='ltr'><em>l</em></span> <span class='ocrx_word' id='word_1_261' title='bbox 339 1826 568 1876; x_wconf 83' lang='lat' dir='ltr'><strong>citatam,</strong></span> <span class='ocrx_word' id='word_1_262' title='bbox 585 1818 709 1878; x_wconf 58' lang='lat' dir='ltr'><strong>jaeta</strong></span> <span class='ocrx_word' id='word_1_263' title='bbox 738 1821 893 1870; x_wconf 84' lang='lat' dir='ltr'><strong>veluti</strong></span> <span class='ocrx_word' id='word_1_264' title='bbox 909 1815 1160 1870; x_wconf 65' lang='lat' dir='ltr'><strong>anchora,</strong></span> <span class='ocrx_word' id='word_1_265' title='bbox 1185 1817 1455 1880; x_wconf 74' lang='lat' dir='ltr'><strong>derepente</strong></span> <span class='ocrx_word' id='word_1_266' title='bbox 1474 1818 1574 1865; x_wconf 62' lang='lat' dir='ltr'><strong>fillo</strong></span> <span class='ocrx_word' id='word_1_267' title='bbox 1602 1816 1779 1870; x_wconf 82' lang='lat' dir='ltr'><strong>affixit,</strong></span> <span class='ocrx_word' id='word_1_268' title='bbox 1799 1817 2097 1881; x_wconf 54' lang='lat' dir='ltr'><strong>Speemtori-</strong></span> 
     </span>
    </p>

    <p class='ocr_par' dir='ltr' id='par_1_28' title="bbox 152 1868 2097 1948">
     <span class='ocr_line' id='line_1_29' title="bbox 152 1868 2097 1948; baseline -0.004 -11"><span class='ocrx_word' id='word_1_269' title='bbox 152 1868 210 1898; x_wconf 55' lang='grc' dir='ltr'><strong>ιη’</strong></span> <span class='ocrx_word' id='word_1_270' title='bbox 254 1888 265 1899; x_wconf 84' lang='grc'><strong>’</strong></span> <span class='ocrx_word' id='word_1_271' title='bbox 337 1888 429 1936; x_wconf 89' lang='lat' dir='ltr'><strong>bus</strong></span> <span class='ocrx_word' id='word_1_272' title='bbox 454 1883 518 1935; x_wconf 78' lang='lat' dir='ltr'><strong>eo</strong></span> <span class='ocrx_word' id='word_1_273' title='bbox 544 1882 701 1948; x_wconf 86' lang='lat' dir='ltr'><strong>magis</strong></span> <span class='ocrx_word' id='word_1_274' title='bbox 721 1885 942 1932; x_wconf 87' lang='lat' dir='ltr'><strong>attonitis</strong></span> <span class='ocrx_word' id='word_1_275' title='bbox 957 1915 972 1937; x_wconf 86' lang='lat'>‚</span> <span class='ocrx_word' id='word_1_276' title='bbox 995 1880 1141 1944; x_wconf 81' lang='lat' dir='ltr'><strong>quod</strong></span> <span class='ocrx_word' id='word_1_277' title='bbox 1159 1894 1269 1930; x_wconf 84' lang='lat' dir='ltr'><strong>non</strong></span> <span class='ocrx_word' id='word_1_278' title='bbox 1288 1878 1375 1928; x_wconf 86' lang='lat' dir='ltr'><strong>nifi</strong></span> <span class='ocrx_word' id='word_1_279' title='bbox 1398 1879 1680 1928; x_wconf 82' lang='lat' dir='ltr'><strong>adhaefione</strong></span> <span class='ocrx_word' id='word_1_280' title='bbox 1703 1878 1905 1929; x_wconf 69' lang='lat' dir='ltr'><strong>externa</strong></span> <span class='ocrx_word' id='word_1_281' title='bbox 1922 1882 2097 1930; x_wconf 84' lang='lat' dir='ltr'><strong>volan-</strong></span> 
     </span>
    </p>

    <p class='ocr_par' dir='ltr' id='par_1_29' title="bbox 338 1944 2095 2009">
     <span class='ocr_line' id='line_1_30' title="bbox 338 1944 2095 2009; baseline -0.003 -9"><span class='ocrx_word' id='word_1_282' title='bbox 338 1963 444 2000; x_wconf 88' lang='lat' dir='ltr'><strong>tem</strong></span> <span class='ocrx_word' id='word_1_283' title='bbox 465 1959 720 1998; x_wconf 88' lang='lat' dir='ltr'><strong>remorata</strong></span> <span class='ocrx_word' id='word_1_284' title='bbox 742 1946 799 1996; x_wconf 86' lang='lat' dir='ltr'><strong>fit</strong></span> <span class='ocrx_word' id='word_1_285' title='bbox 822 1945 1045 1999; x_wconf 73' lang='lat' dir='ltr'><strong>curium,</strong></span> <span class='ocrx_word' id='word_1_286' title='bbox 1068 1946 1119 1993; x_wconf 91' lang='lat' dir='ltr'><strong>in</strong></span> <span class='ocrx_word' id='word_1_287' title='bbox 1148 1944 1321 1991; x_wconf 79' lang='lat' dir='ltr'><strong>navim</strong></span> <span class='ocrx_word' id='word_1_288' title='bbox 1349 1955 1546 2007; x_wconf 88' lang='lat' dir='ltr'><strong>recepta</strong></span> <span class='ocrx_word' id='word_1_289' title='bbox 1580 1959 1704 1992; x_wconf 82' lang='lat' dir='ltr'><strong>mox</strong></span> <span class='ocrx_word' id='word_1_290' title='bbox 1737 1944 2005 2009; x_wconf 85' lang='lat' dir='ltr'><strong>perdiderit</strong></span> <span class='ocrx_word' id='word_1_291' title='bbox 2025 1947 2095 1995; x_wconf 86' lang='lat' dir='ltr'><strong>vi-</strong></span> 
     </span>
    </p>

    <p class='ocr_par' dir='ltr' id='par_1_30' title="bbox 334 2004 2091 2071">
     <span class='ocr_line' id='line_1_31' title="bbox 334 2004 2091 2071; baseline -0.004 -7"><span class='ocrx_word' id='word_1_292' title='bbox 334 2031 437 2070; x_wconf 86' lang='lat' dir='ltr'><strong>res,</strong></span> <span class='ocrx_word' id='word_1_293' title='bbox 469 2028 563 2062; x_wconf 89' lang='lat' dir='ltr'><strong>nec</strong></span> <span class='ocrx_word' id='word_1_294' title='bbox 593 2010 898 2060; x_wconf 63' lang='lat' dir='ltr'><strong>adhaerendo</strong></span> <span class='ocrx_word' id='word_1_295' title='bbox 923 2044 935 2065; x_wconf 89' lang='lat'><strong>,</strong></span> <span class='ocrx_word' id='word_1_296' title='bbox 964 2009 1051 2058; x_wconf 89' lang='lat' dir='ltr'><strong>ulli</strong></span> <span class='ocrx_word' id='word_1_297' title='bbox 1082 2004 1294 2071; x_wconf 78' lang='lat' dir='ltr'><strong>amplius</strong></span> <span class='ocrx_word' id='word_1_298' title='bbox 1322 2005 1417 2055; x_wconf 86' lang='lat' dir='ltr'><strong>effe</strong></span> <span class='ocrx_word' id='word_1_299' title='bbox 1452 2007 1662 2057; x_wconf 85' lang='lat' dir='ltr'><strong>valuerit</strong></span> <span class='ocrx_word' id='word_1_300' title='bbox 1698 2008 2091 2071; x_wconf 87' lang='lat' dir='ltr'><strong>impedimento.</strong></span> 
     </span>
    </p>

    <p class='ocr_par' dir='ltr' id='par_1_31' title="bbox 338 2070 2094 2138">
     <span class='ocr_line' id='line_1_32' title="bbox 338 2070 2094 2138; baseline -0.005 -8"><span class='ocrx_word' id='word_1_301' title='bbox 338 2081 461 2131; x_wconf 85' lang='lat' dir='ltr'><strong>Haec</strong></span> <span class='ocrx_word' id='word_1_302' title='bbox 485 2077 689 2131; x_wconf 87' lang='lat' dir='ltr'><strong>omnia,</strong></span> <span class='ocrx_word' id='word_1_303' title='bbox 720 2074 808 2123; x_wconf 80' lang='lat' dir='ltr'><strong>nisi</strong></span> <span class='ocrx_word' id='word_1_304' title='bbox 829 2089 917 2138; x_wconf 89' lang='lat' dir='ltr'><strong>per</strong></span> <span class='ocrx_word' id='word_1_305' title='bbox 946 2071 1268 2137; x_wconf 86' lang='lat' dir='ltr'><strong>antipathicas</strong></span> <span class='ocrx_word' id='word_1_306' title='bbox 1294 2070 1592 2132; x_wconf 86' lang='lat' dir='ltr'><strong>qualitatum</strong></span> <span class='ocrx_word' id='word_1_307' title='bbox 1624 2073 1978 2134; x_wconf 84' lang='lat' dir='ltr'><strong>proprietates,</strong></span> <span class='ocrx_word' id='word_1_308' title='bbox 2005 2072 2094 2123; x_wconf 85' lang='lat' dir='ltr'><strong>nisi</strong></span> 
     </span>
    </p>

    <p class='ocr_par' dir='ltr' id='par_1_32' title="bbox 337 2133 2094 2210">
     <span class='ocr_line' id='line_1_33' title="bbox 337 2133 2094 2210; baseline -0.004 -18"><span class='ocrx_word' id='word_1_309' title='bbox 337 2160 426 2210; x_wconf 86' lang='lat' dir='ltr'><strong>per</strong></span> <span class='ocrx_word' id='word_1_310' title='bbox 455 2142 706 2192; x_wconf 89' lang='lat' dir='ltr'><strong>halituum</strong></span> <span class='ocrx_word' id='word_1_311' title='bbox 726 2172 739 2194; x_wconf 93' lang='lat'><strong>,</strong></span> <span class='ocrx_word' id='word_1_312' title='bbox 768 2140 850 2189; x_wconf 89' lang='lat' dir='ltr'><strong>vel</strong></span> <span class='ocrx_word' id='word_1_313' title='bbox 874 2133 1196 2187; x_wconf 82' lang='lat' dir='ltr'><strong>effluviorum</strong></span> <span class='ocrx_word' id='word_1_314' title='bbox 1224 2136 1463 2184; x_wconf 83' lang='lat' dir='ltr'><strong>virtutem</strong></span> <span class='ocrx_word' id='word_1_315' title='bbox 1489 2133 1848 2199; x_wconf 83' lang='lat' dir='ltr'><strong>sympathicam</strong></span> <span class='ocrx_word' id='word_1_316' title='bbox 1869 2136 2094 2185; x_wconf 86' lang='lat' dir='ltr'><strong>enodare</strong></span> 
     </span>
    </p>

    <p class='ocr_par' dir='ltr' id='par_1_33' title="bbox 338 2195 2094 2268">
     <span class='ocr_line' id='line_1_34' title="bbox 338 2195 2094 2268; baseline -0.004 -12"><span class='ocrx_word' id='word_1_317' title='bbox 338 2208 460 2258; x_wconf 81' lang='lat' dir='ltr'><strong>velit</strong></span> <span class='ocrx_word' id='word_1_318' title='bbox 476 2208 745 2268; x_wconf 86' lang='lat' dir='ltr'><strong>Peripatus,</strong></span> <span class='ocrx_word' id='word_1_319' title='bbox 769 2205 874 2256; x_wconf 83' lang='lat' dir='ltr'><strong>erit,</strong></span> <span class='ocrx_word' id='word_1_320' title='bbox 891 2213 944 2251; x_wconf 91' lang='lat' dir='ltr'><strong>ut</strong></span> <span class='ocrx_word' id='word_1_321' title='bbox 969 2216 1054 2266; x_wconf 87' lang='lat' dir='ltr'><strong>per</strong></span> <span class='ocrx_word' id='word_1_322' title='bbox 1073 2199 1327 2249; x_wconf 68' lang='lat' dir='ltr'><strong>afflonem</strong></span> <span class='ocrx_word' id='word_1_323' title='bbox 1345 2199 1396 2246; x_wconf 90' lang='lat' dir='ltr'><strong>in</strong></span> <span class='ocrx_word' id='word_1_324' title='bbox 1412 2195 1590 2246; x_wconf 84' lang='lat' dir='ltr'><strong>distans</strong></span> <span class='ocrx_word' id='word_1_325' title='bbox 1610 2197 1761 2246; x_wconf 79' lang='lat' dir='ltr'><strong>causae</strong></span> <span class='ocrx_word' id='word_1_326' title='bbox 1779 2213 1965 2261; x_wconf 82' lang='lat' dir='ltr'><strong>quaerat</strong></span> <span class='ocrx_word' id='word_1_327' title='bbox 1988 2201 2094 2249; x_wconf 89' lang='lat' dir='ltr'><strong>sub-</strong></span> 
     </span>
    </p>

    <p class='ocr_par' dir='ltr' id='par_1_34' title="bbox 340 2261 2092 2323">
     <span class='ocr_line' id='line_1_35' title="bbox 340 2261 2092 2323; baseline -0.005 -1"><span class='ocrx_word' id='word_1_328' title='bbox 340 2271 546 2323; x_wconf 82' lang='lat' dir='ltr'><strong>sidium,</strong></span> <span class='ocrx_word' id='word_1_329' title='bbox 571 2267 651 2317; x_wconf 80' lang='lat' dir='ltr'><strong>vel</strong></span> <span class='ocrx_word' id='word_1_330' title='bbox 677 2267 814 2316; x_wconf 90' lang='lat' dir='ltr'><strong>litem</strong></span> <span class='ocrx_word' id='word_1_331' title='bbox 850 2265 912 2314; x_wconf 91' lang='lat' dir='ltr'><strong>ad</strong></span> <span class='ocrx_word' id='word_1_332' title='bbox 940 2262 1297 2313; x_wconf 84' lang='lat' dir='ltr'><strong>miraculosum</strong></span> <span class='ocrx_word' id='word_1_333' title='bbox 1326 2261 1587 2310; x_wconf 83' lang='lat' dir='ltr'><strong>transferat</strong></span> <span class='ocrx_word' id='word_1_334' title='bbox 1611 2261 1851 2310; x_wconf 88' lang='lat' dir='ltr'><strong>Tribunal</strong></span> <span class='ocrx_word' id='word_1_335' title='bbox 1867 2295 1879 2316; x_wconf 93' lang='lat'>‚</span> <span class='ocrx_word' id='word_1_336' title='bbox 1900 2261 2092 2314; x_wconf 83' lang='lat' dir='ltr'><strong>solenni</strong></span> 
     </span>
    </p>

    <p class='ocr_par' dir='ltr' id='par_1_35' title="bbox 336 2325 2092 2457">
     <span class='ocr_line' id='line_1_36' title="bbox 338 2325 2092 2394; baseline -0.005 -10"><span class='ocrx_word' id='word_1_337' title='bbox 338 2336 546 2384; x_wconf 86' lang='lat' dir='ltr'><strong>illorum</strong></span> <span class='ocrx_word' id='word_1_338' title='bbox 569 2346 739 2384; x_wconf 82' lang='lat' dir='ltr'><strong>more,</strong></span> <span class='ocrx_word' id='word_1_339' title='bbox 762 2331 847 2394; x_wconf 86' lang='lat' dir='ltr'><strong>qui</strong></span> <span class='ocrx_word' id='word_1_340' title='bbox 867 2328 1115 2378; x_wconf 88' lang='lat' dir='ltr'><strong>furfurem</strong></span> <span class='ocrx_word' id='word_1_341' title='bbox 1141 2342 1236 2392; x_wconf 87' lang='lat' dir='ltr'><strong>pro</strong></span> <span class='ocrx_word' id='word_1_342' title='bbox 1271 2325 1507 2390; x_wconf 84' lang='lat' dir='ltr'><strong>cerebro,</strong></span> <span class='ocrx_word' id='word_1_343' title='bbox 1534 2325 1781 2391; x_wconf 86' lang='lat' dir='ltr'><strong>pollinem</strong></span> <span class='ocrx_word' id='word_1_344' title='bbox 1811 2341 1907 2390; x_wconf 90' lang='lat' dir='ltr'><strong>pro</strong></span> <span class='ocrx_word' id='word_1_345' title='bbox 1925 2327 2092 2392; x_wconf 85' lang='lat' dir='ltr'><strong>Apol-</strong></span> 
     </span>
     <span class='ocr_line' id='line_1_37' title="bbox 336 2388 1427 2457; baseline -0.013 -7"><span class='ocrx_word' id='word_1_346' title='bbox 336 2399 437 2451; x_wconf 88' lang='lat' dir='ltr'><strong>line</strong></span> <span class='ocrx_word' id='word_1_347' title='bbox 458 2398 508 2446; x_wconf 89' lang='lat' dir='ltr'><strong>in</strong></span> <span class='ocrx_word' id='word_1_348' title='bbox 532 2396 690 2457; x_wconf 86' lang='lat' dir='ltr'><strong>capite</strong></span> <span class='ocrx_word' id='word_1_349' title='bbox 720 2392 1026 2457; x_wconf 81' lang='lat' dir='ltr'><strong>vertiginoso</strong></span> <span class='ocrx_word' id='word_1_350' title='bbox 1051 2388 1427 2439; x_wconf 87' lang='lat' dir='ltr'><strong>circumferunt.</strong></span> 
     </span>
    </p>

    <p class='ocr_par' dir='ltr' id='par_1_36' title="bbox 466 2451 2090 2517">
     <span class='ocr_line' id='line_1_38' title="bbox 466 2451 2090 2517; baseline -0.006 -6"><span class='ocrx_word' id='word_1_351' title='bbox 466 2458 664 2511; x_wconf 86' lang='lat' dir='ltr'><strong>LEUC:</strong></span> <span class='ocrx_word' id='word_1_352' title='bbox 699 2466 703 2469; x_wconf 74' lang='grc'><strong>“</strong></span> <span class='ocrx_word' id='word_1_353' title='bbox 745 2454 972 2506; x_wconf 79' lang='lat' dir='ltr'><strong>Adeone</strong></span> <span class='ocrx_word' id='word_1_354' title='bbox 994 2454 1209 2504; x_wconf 87' lang='lat' dir='ltr'><strong>bardum</strong></span> <span class='ocrx_word' id='word_1_355' title='bbox 1232 2452 1328 2501; x_wconf 88' lang='lat' dir='ltr'><strong>alat</strong></span> <span class='ocrx_word' id='word_1_356' title='bbox 1348 2451 1668 2517; x_wconf 88' lang='lat' dir='ltr'><strong>Philosophia</strong></span> <span class='ocrx_word' id='word_1_357' title='bbox 1687 2485 1700 2507; x_wconf 92' lang='lat'>‚</span> <span class='ocrx_word' id='word_1_358' title='bbox 1734 2453 1819 2514; x_wconf 89' lang='lat' dir='ltr'><strong>qui</strong></span> <span class='ocrx_word' id='word_1_359' title='bbox 1836 2463 2020 2503; x_wconf 87' lang='lat' dir='ltr'><strong>naturae</strong></span> <span class='ocrx_word' id='word_1_360' title='bbox 2039 2453 2090 2502; x_wconf 87' lang='lat' dir='ltr'><strong>id</strong></span> 
     </span>
    </p>

    <p class='ocr_par' dir='ltr' id='par_1_37' title="bbox 341 2515 2094 2591">
     <span class='ocr_line' id='line_1_39' title="bbox 341 2515 2094 2591; baseline -0.006 -14"><span class='ocrx_word' id='word_1_361' title='bbox 341 2524 584 2591; x_wconf 83' lang='lat' dir='ltr'><strong>deneget,</strong></span> <span class='ocrx_word' id='word_1_362' title='bbox 619 2520 764 2585; x_wconf 79' lang='lat' dir='ltr'><strong>quod</strong></span> <span class='ocrx_word' id='word_1_363' title='bbox 781 2532 989 2571; x_wconf 87' lang='lat' dir='ltr'><strong>centum</strong></span> <span class='ocrx_word' id='word_1_364' title='bbox 1011 2515 1268 2571; x_wconf 78' lang='lat' dir='ltr'><strong>adstruunt</strong></span> <span class='ocrx_word' id='word_1_365' title='bbox 1289 2518 1652 2583; x_wconf 79' lang='lat' dir='ltr'><strong>experimenta?</strong></span> <span class='ocrx_word' id='word_1_366' title='bbox 1687 2518 1796 2581; x_wconf 84' lang='lat' dir='ltr'><strong>quis</strong></span> <span class='ocrx_word' id='word_1_367' title='bbox 1824 2531 1933 2567; x_wconf 88' lang='lat' dir='ltr'><strong>non</strong></span> <span class='ocrx_word' id='word_1_368' title='bbox 1956 2516 2094 2588; x_wconf 78' lang='lat' dir='ltr'><strong>videt</strong></span> 
     </span>
    </p>

    <p class='ocr_par' dir='ltr' id='par_1_38' title="bbox 1908 2591 2035 2630">
     <span class='ocr_line' id='line_1_40' title="bbox 1908 2591 2035 2630; baseline 0 0"><span class='ocrx_word' id='word_1_369' title='bbox 1908 2591 2035 2630; x_wconf 82' lang='lat' dir='ltr'><strong>ant1-·</strong></span> 
     </span>
    </p>
   </div>
   <div class='ocr_carea' id='block_1_5' title="bbox 90 1928 304 2036">
    <p class='ocr_par' dir='ltr' id='par_1_39' title="bbox 90 1928 304 2036">
     <span class='ocr_line' id='line_1_41' title="bbox 90 1928 304 1975; baseline 0.005 -14"><span class='ocrx_word' id='word_1_370' title='bbox 90 1928 115 1975; x_wconf 81' lang='lat'><em>3</em></span> <span class='ocrx_word' id='word_1_371' title='bbox 126 1930 169 1963; x_wconf 86' lang='lat'><strong>2.</strong></span> <span class='ocrx_word' id='word_1_372' title='bbox 184 1932 219 1964; x_wconf 89' lang='lat' dir='ltr'><strong>c.</strong></span> <span class='ocrx_word' id='word_1_373' title='bbox 231 1928 248 1960; x_wconf 93' lang='lat'>1</span> <span class='ocrx_word' id='word_1_374' title='bbox 266 1928 281 1959; x_wconf 86' lang='lat'>1</span> <span class='ocrx_word' id='word_1_375' title='bbox 293 1950 304 1962; x_wconf 88' lang='lat'><strong>.</strong></span> 
     </span>
     <span class='ocr_line' id='line_1_42' title="bbox 91 1982 303 2036; baseline -0.005 -8"><span class='ocrx_word' id='word_1_376' title='bbox 91 1982 303 2036; x_wconf 49' lang='lat' dir='ltr'><strong>Lucanum</strong></span> 
     </span>
    </p>
   </div>
  </div>
 </body>
</html>
