2177 2905
693 103 876 166 oedipus
900 102 1112 166 Phyficus,
1630 117 1718 164 195

39 199 189 252 noxia
209 195 431 264 fugiant,
453 197 593 248 utilia
623 197 1004 263 prosequantur.
1070 199 1151 249 Sic
1178 199 1354 248 Hedera
1374 202 1613 267 parietem
1635 203 1791 253 ΝΜ·

1665 236 1787 256 ulau*

35 278 151 314 rum
170 277 282 312 non
306 260 471 312 min-us
494 258 893 327 provide,quam
918 260 1212 328 tempestive
1269 264 1522 316 erhibetur
1550 268 1786 319 descrere.

34 328 116 377 Sic
145 340 440 376 cucumeres
468 324 532 374 ad
565 337 703 374 terrae
734 324 1039 380 humorem,
1058 341 1168 389 quo
1199 344 1226 376 a
1281 329 1479 380 uentius
1500 333 1792 394 irrigentur,

37 386 348 456 peri-eptant:
383 391 435 439 ὅ(
455 389 631 438 oleum
647 422 659 442 ,
676 403 782 452 quo
804 388 981 454 perfusi
1001 393 1335 445 emoriuntur,
1351 393 1416 441 us
1443 410 1505 442 ue
1525 392 1655 443 adeo
1677 395 1794 444 hor-

39 466 177 506 rent,
202 456 338 501 uteo
361 451 617 517 supposito
642 465 981 502 recurventur.
1068 456 1196 503 Non
1224 469 1352 519 opus
1376 458 1421 505 ei
1471 457 1693 522 pluribus
1713 459 1797 506 de-

39 512 347 569 monstrare,
366 515 511 579 quod
549 515 843 565 animalium
875 531 1051 571 more,
1071 517 1298 566 laetentur
1318 517 1526 578 fhliorum
1549 532 1681 574 orta,·
1714 522 1796 570 tri·
1821 519 2037 577 Anaxag-

39 578 227 629 stentur
237 576 443 635 foliorum
465 575 659 637 defluxu‚·
680 578 824 641 quod
843 579 1101 630 deleeienmr
1126 578 1310 645 pluvia,
1325 585 1373 634 ὅ(
1389 583 1633 648 explicent
1656 583 1796 633 fron-

42 644 154 696 des;
189 641 395 691 ardente
414 641 574 691 Coelo
600 642 798 699 lugeant,
824 644 876 692 ὃς
905 643 1209 699 contabescant.
1277 647 1442 699 Sileo,
1468 644 1613 710 quod
1641 659 1794 708 proge-

37 719 190 753 nerant
207 720 420 757 vermes,
436 719 567 767 quos
583 706 636 753 in
649 705 860 768 Ocymo
884 704 1042 768 ocyus
1065 703 1406 770 obstupesces:
1440 708 1585 773 quod
1603 722 1796 760 utrum-

42 785 142 833 que
168 780 436 817 numerent
458 767 644 820 lexum,
668 781 823 830 quem
843 770 894 817 in
919 769 1076 820 Ulmo
1096 770 1305 825 videbis,
1327 775 1376 822 ὅς
1397 774 1533 827 Vite,
1550 788 1677 837 quae‚
1702 775 1796 824 Pli-
1849 786 1851 789 ’

47 835 136 881 nio
155 828 292 884 teste,
318 833 451 877 etiam
471 833 643 890 Popula
659 829 816 876 nabere
840 832 1262 895 comprobantur.
1347 837 1437 884 Hae
1454 869 1467 890 ,
1490 838 1716 900 inquam,
1741 836 1797 886 fi-

43 896 156 948 leo,
175 909 286 955 quae
304 910 399 958 pro
423 894 502 942 sna
526 893 692 942 domo
714 909 822 941 non
852 896 1062 944 inaniter
1082 897 1132 944 in
1152 897 1380 946 medinm
1408 897 1642 948 afferrent
1662 901 1799 964 plan-

43 972 122 1011 tae,
148 956 182 1005 s1
204 957 347 1018 ioqui
374 956 585 1020 poffent.
654 958 727 1005 Ita
748 969 927 1005 contra
948 973 1286 1009 communem
1303 960 1496 1011 sensum
1515 962 1678 1012 herbis
1697 963 1801 1012 sen-

45 1022 154 1072 sum
175 1020 441 1069 vendicare
470 1020 515 1066 se
545 1031 684 1082 putat
705 1017 786 1066 hic
804 1020 1066 1070 insensatus
1091 1023 1326 1077 caulium,
1350 1024 1655 1089 olerumque
1676 1027 1801 1091 Syn-

44 1086 187 1134 dicus
202 1116 215 1134 ‚
232 1098 292 1131 ac
314 1083 575 1131 Patronus.
671 1082 773 1130 Sed
794 1083 918 1144 quid
946 1082 1210 1139 existimas,
1231 1102 1293 1135 an
1316 1087 1389 1136 sat
1407 1092 1574 1152 gravia
1596 1090 1702 1138 haec
1727 1106 1803 1139 ra—

49 1151 252 1258 tionugi
277 1159 570 1244 mpmenta,
593 1157 649 1193 ut
675 1144 837 1202 iudicii
870 1146 1068 1195 lancem
1092 1147 1156 1196 fic
1179 1149 1240 1197 ab
1265 1151 1543 1214 aequilibrio
1566 1153 1803 1203 Veritatis

52 1210 178 1260 defle
232 1220 343 1257 ant.

177 1274 334 1320 MEL:
403 1267 642 1321 Professte)
673 1269 736 1319 de
768 1272 1018 1328 ejusmodi
1050 1274 1263 1339 Ephoris
1298 1293 1406 1326 non
1437 1280 1648 1328 inaniter
1675 1279 1806 1329 Var-

52 1354 139 1388 ro:
176 1339 404 1395 AEgrotum
427 1338 636 1381 neminem
647 1335 860 1393 meniare
883 1338 1135 1400 quidquam,
1159 1341 1269 1402 quod
1284 1357 1365 1387 non
1381 1340 1409 1388 ἁ
1433 1345 1630 1406 quopiam
1655 1343 1806 1390 Philo-

41 1401 169 1462 prho
186 1398 405 1459 afferatur.
474 1398 631 1451 Audi,
645 1397 799 1461 quam
819 1399 1051 1448 aculeatis
1072 1403 1283 1452 censuris
1301 1403 1432 1453 hanc
1452 1404 1804 1470 configat-Sen-

52 1466 261 1515 tentiam
277 1495 291 1515 ,
309 1463 362 1511 in
384 1461 694 1527 Hipponenfi
715 1464 945 1527 Peripato
962 1495 975 1515 ,
997 1462 1331 1529 Augustinus:
1369 1468 1492 1516 dum
1518 1484 1631 1517 eam
1651 1481 1805 1519 vocat

55 1544 244 1575 errorem
255 1526 506 1584 sacrilegum
519 1560 531 1575 ‚
553 1527 819 1583 impietatem
842 1525 1110 1580 rusticanam,
1124 1527 1339 1593 magisque
1359 1531 1558 1590 ligneam,
1576 1532 1702 1596 quam
1716 1532 1805 1590 fint

57 1591 144 1652 ipsse
173 1588 372 1641 arbores,
393 1586 544 1651 quibus
565 1591 883 1661 patrocinatur.
984 1592 1046 1638 Et
1062 1593 1247 1640 Hercle
1283 1608 1576 1667 argumenta
1605 1595 1710 1645 haec
1740 1595 1805 1646 fic

55 1655 166 1705 sunt
188 1652 345 1701 futilia
360 1684 373 1705 ,
395 1662 450 1699 ut
464 1665 593 1714 pene
617 1651 800 1715 pudeat
822 1654 874 1699 in
902 1651 975 1700 his
999 1654 1177 1717 Apinis
1193 1688 1206 1709 ‚
1225 1658 1460 1720 tricisque
1479 1659 1642 1707 tricari
1662 1660 1811 1725 pluri-

57 1718 167 1767 bus.
220 1713 440 1765 Duobus
455 1715 673 1763 verbulis
692 1729 811 1778 cape
832 1715 1140 1766 solutionem
1159 1719 1485 1769 Laconicam.
1554 1722 1821 1787 Appetunt

57 1782 263 1846 plantae,
287 1778 508 1843 appetitu
531 1793 715 1840 nempe
737 1779 941 1827 innatoz
976 1793 1173 1836 amant,
1206 1785 1255 1832 ὃ(
1277 1783 1560 1833 aversantur
1592 1789 1815 1850 proprie-

61 1855 161 1891 tate
190 1838 430 1904 analoga,
451 1855 606 1902 quam
637 1842 835 1889 veriore
859 1842 1145 1897 vocabulo,
1166 1860 1251 1908 per
1280 1846 1663 1908 antipathicam,
1689 1850 1815 1913 sym-

60 1902 419 1972 pathicamque
446 1905 682 1950 virtutem
715 1904 944 1965 exprimit
964 1904 1299 1970 Philosophia.
1379 1910 1550 1964 Plura,
1570 1913 1657 1973 qui
1677 1913 1813 1967 velit,

61 1972 213 2018 ctiam
246 1968 517 2015 inanimata
549 1965 790 2014 animabit
819 1975 988 2014 novtsss
1013 1968 1372 2026 Prometheus,
1403 1969 1522 2020 cum
1552 1975 1602 2024 ὅ(
1627 1974 1814 2038 lapides
1869 2021 1872 2024 ,

60 2030 287 2083 tendant,
307 2028 449 2078 fimili
467 2044 660 2082 amore,
686 2029 748 2077 ad
779 2042 1034 2082 centrum,
1054 2033 1248 2095 &ignis
1273 2034 1548 2099 aspersione
1570 2036 1724 2087 fontis
1749 2038 1815 2087 le-

64 2097 191 2145 viter
214 2089 489 2158 perstriCtus
514 2124 528 2145 ,
557 2108 679 2142 mox
715 2091 943 2141 irascatur
963 2126 976 2147 ,
1011 2093 1298 2158 factamque
1329 2099 1557 2155 injuriam
1583 2100 1816 2152 insolenti

65 2155 268 2221 strepitu
287 2151 600 2221 protestetur.
685 2157 765 2204 Sic
788 2157 936 2203 ctiam
967 2158 1144 2222 plantae
1163 2153 1417 2224 refugiunt
1443 2165 1620 2218 noxia,
1646 2162 1815 2214 multo

65 2219 179 2272 sane
211 2217 428 2270 cautius,
451 2217 606 2281 qnam
641 2219 1008 2282 Carnpanella;
1043 2236 1132 2270 cur
1166 2220 1288 2287 ergo
1313 2240 1423 2273 non
1448 2223 1615 2275 anima
1639 2228 1816 2277 viliore

67 2295 365 2334 contentus,
395 2281 569 2345 plantis
599 2280 802 2345 assignat
831 2284 1157 2338 rationalem,
1187 2298 1242 2333 ut
1269 2302 1388 2336 cum
1418 2289 1736 2345 Manichaeis,
1759 2307 1818 2341 cx

69 2348 309 2411 decerpto
328 2343 591 2395 fru&u,vel
616 2346 805 2394 arboris
821 2346 1233 2406 folio,h0micidij
1247 2365 1361 2399 reos
1379 2367 1474 2401 nos
1495 2355 1815 2404 criminetur?

70 2425 255 2474 nempe
277 2408 649 2473 propinquitate
671 2406 751 2457 sua
767 2442 780 2463 ,
804 2408 881 2458 vel
899 2411 1119 2459 invicem
1149 2412 1407 2469 auferunt,
1431 2416 1512 2465 vel
1532 2421 1820 2468 communi-

74 2485 191 2523 cant
220 2471 418 2526 succos,
448 2473 616 2525 utiles,
636 2468 909 2523 noxiosve:
941 2472 1059 2523 hinc
1087 2475 1179 2524 illae
1204 2477 1437 2527 societate
1457 2478 1553 2528 hac
1578 2481 1819 2537 crescunt,

74 2537 178 2588 aliae
200 2537 500 2589 exarescunt.
565 2534 728 2608 Qod
744 2548 913 2651 autgn
931 2536 1134 2589 affectus
1151 2554 1362 2606 quoque
1374 2542 1551 2609 plantis
1570 2544 1820 2616 attribuat,

899 2616 926 2650 C
961 2615 990 2647 2
1563 2622 1752 2657 n]1[U1n
