2177 2905
12 88 26 128 *ε
91 107 138 136 ,q
282 76 284 81 ⁷
617 129 620 132 -
723 90 920 145 'Ariadne
938 91 1126 162 Phyfica.
1340 56 1343 59 ·
1432 119 1439 132 ‘
1653 103 1710 156 15
1713 101 1744 154 9

18 243 25 247 ,
64 207 114 246 ta
133 208 218 245 me
237 192 573 263 experimenta
593 204 703 241 non
729 191 945 259 fugiant,
970 209 1080 258 quae
1100 190 1180 245 vel
1205 188 1348 243 olent
1372 189 1674 246 Theffaliam
1687 220 1702 246 ,
1723 182 1804 239 vel

62 259 304 323 Utopiam
324 261 527 324 sapiunt.
596 256 722 319 Qlis
744 262 878 308 enim
892 290 906 313 ,
929 258 1017 307 niti
1035 259 1155 308 levis
1173 270 1433 307 armatura:
1452 258 1654 308 Philoso
1691 252 1834 316 hus&

8 334 12 339 ·
63 320 208 374 facile
235 323 428 375 credat,
459 317 603 384 quod
621 321 847 371 struthio
870 321 1064 386 aspectu
1089 321 1201 370 solo
1232 320 1408 371 foveat
1435 323 1648 374 ova‚Te
1695 315 1802 367 udo
1842 322 1847 328 “
1888 369 1892 373 ,
2011 366 2024 379 ‚

63 390 212 437 etiam
234 387 421 452 pullos,
442 383 611 435 defixis
634 387 684 434 in
704 400 804 436 ova
827 385 1012 439 oculis,
1035 384 1290 434 excludat?
1325 381 1470 447 quod
1486 383 1722 433 homines
1745 378 1802 453 sit
1829 365 1939 442 Df'l«
1959 366 2046 416 ΚΜ

61 451 274 516 reperire
291 445 431 498 ‘adeo
443 450 762 512 Lynceos‚ut
789 450 940 497 etiam
958 448 1126 499 abdita
1157 447 1243 497 sub
1271 459 1409 496 terrae
1440 445 1701 498 visceribus
1731 458 1801 494 vl·
1827 429 1928 496 dffq·

60 513 234 568 deant,
257 511 415 562 oculis
447 526 691 575 aquatum
718 526 897 567 venas,
926 510 1205 575 dufitdsque
1231 511 1510 567 metallicos
1539 509 1798 575 detegant:
1830 494 2042 555 Mag-ld·

58 572 168 627 imo
190 574 274 624 sub
296 574 606 640 sarcophagis
628 574 712 623 fita
732 575 972 624 cadavera
986 564 1186 639 &speetu
1203 573 1313 623 soLo
1333 574 1621 639 explorent?
1655 568 1801 637 quod
1830 577 1866 609 ὃ·
1884 572 1982 623 3·‘l·
1995 570 2043 616 4·

59 638 119 686 ad
154 638 318 693 Sic-arii
347 640 602 687 inimicam
632 637 933 701 praesentiam
963 653 1199 686 cruorem
1228 635 1407 686 stillent
1430 651 1709 702 corporum
1737 636 1803 684 ci-

57 703 291 768 catrices?
327 699 468 763 quod
493 717 578 764 per
596 700 928 764 &inpatliicos
944 701 1167 766 pulveres
1181 734 1193 754 ,
1217 714 1301 749 aut
1316 712 1572 765 unguenta
1593 699 1801 749 armaria
1834 726 2016 789 Theoph

53 768 104 815 in
133 768 303 827 quavis
344 762 567 812 dist-anm
596 766 753 812 eut-..iri
778 764 983 813 vulnera
1020 764 1215 812 valeant
1246 766 1263 811 ἒ
1345 762 1491 826 quod.
1531 765 1673 813 Picus
1709 776 1796 826 per
2016 758 2033 779 ⁶

58 827 285 880 herbam,
300 827 531 875 adadun]
550 827 674 877 nido
692 842 913 876 cuneum
936 824 1172 879 extrahat,
1193 824 1405 889 aliaque,
1419 841 1573 888 quarn
1586 825 1801 885 AEthiopi·

59 892 153 936 dem
174 892 460 943 nominant,
482 888 590 938 seris
613 889 839 944 admota,
857 906 980 939 mox
1009 890 1210 940 cunfitas
1227 890 1428 955 aperiat,
1444 892 1494 939 ὃς
1520 886 1798 952 diffringat?

59 949 203 1015 quod
225 952 442 1013 denique
464 952 702 1001 Albertus
721 952 800 1001 ille
814 954 1030 1017 Magnus
1049 954 1178 1002 duos
1198 954 1398 1010 iuvenes
1417 950 1610 1007 viderit,
1622 951 1803 1015 quibus
1830 953 1860 1000 l.
1878 963 1920 1010 3.
1935 952 1987 998 de

55 1016 462 1080 praetereuntibus
486 1015 569 1062 fita
595 1015 657 1063 ad
681 1015 805 1064 latus
834 1015 1091 1064 dexterum
1114 1012 1255 1069 ostia,
1274 1027 1386 1065 utut
1411 1015 1591 1067 clausa,
1621 1017 1803 1063 virtute
1830 1027 1949 1064 motu

57 1077 269 1126 mirabili
287 1077 333 1125 se'
363 1077 406 1126 se
435 1078 748 1140 aperiebant?
782 1080 834 1125 in
865 1077 939 1126 his
966 1078 1233 1133 omnibus,
1265 1077 1300 1126 fi
1329 1078 1493 1127 mimis
1517 1079 1653 1127 fallat
1677 1076 1800 1126 fides
1831 1078 2006 1128 animal.

56 1137 477 1203 historicaMagia
496 1136 627 1188 certe
650 1136 675 1187 ὲ
701 1141 905 1188 naturali
930 1143 980 1189 in
996 1143 1216 1206 Stygiam
1238 1141 1573 1205 degenerabit.
1639 1143 1798 1187 MEL:

57 1203 234 1253 Misces
255 1203 492 1263 quadrata
522 1203 775 1254 rotundis,
796 1207 910 1266 quia
942 1219 1059 1253 vera
1089 1204 1242 1257 falsis,
1265 1208 1314 1255 &
1347 1206 1585 1254 naturalia
1614 1203 1799 1269 spuriis.

54 1265 418 1330 Philosophum
446 1280 496 1314 te
516 1265 706 1331 proba,
731 1269 781 1317 δᾶ
802 1283 859 1315 ex
889 1267 1043 1316 allatis
1070 1267 1209 1332 supra
1229 1269 1391 1317 Princi
1427 1269 1507 1326 ijs,
1526 1268 1667 1318 velut
1683 1267 1799 1331 lapi-

52 1329 114 1377 de
129 1329 320 1393 Lydio‚
339 1329 578 1379 discernes
604 1331 877 1394 pretiosum
903 1328 930 1379 ὲ
953 1331 1052 1378 vili.
1121 1333 1234 1382 Nec
1251 1333 1387 1380 Strut
1425 1333 1495 1386 io,
1520 1326 1799 1380 necTcstu-

52 1391 124 1441 do
146 1408 231 1456 per
257 1393 414 1442 visum
451 1394 721 1441 excludunt
749 1409 875 1446 ova,
896 1409 1015 1442 nam
1047 1395 1098 1442 in
1122 1397 1279 1443 arenis
1308 1396 1389 1443 illa
1423 1395 1686 1460 sepeliunt,
1717 1409 1796 1442 ex-

52 1455 322 1518 coquenda
344 1471 429 1520 per
451 1457 632 1505 telluris
656 1457 868 1510 calores,
891 1472 984 1504 nec
1008 1457 1108 1506 alio
1135 1457 1234 1506 fine
1255 1458 1542 1524 adspiciunt,
1567 1456 1718 1521 quam
1742 1467 1797 1506 ut

54 1531 254 1567 arceant
273 1521 518 1567 nocitura.
619 1520 793 1569 Genus
814 1519 935 1567 illud
961 1519 1235 1569 hominum
1259 1521 1528 1586 perspicax,
1545 1520 1688 1585 quod
1710 1522 1798 1571 Hi-

51 1580 207 1645 spanis
227 1581 405 1630 dicitur
423 1583 632 1633 Zahuris,
652 1595 755 1631 tam
786 1583 1064 1648 pellucidos
1097 1583 1280 1633 habere
1314 1587 1493 1635 oculos
1524 1585 1724 1648 nequit,
1742 1594 1799 1632 ut

48 1656 274 1709 penetret
293 1660 476 1710 opaca:
512 1645 594 1694 sed
614 1661 762 1695 venas
786 1661 923 1710 aquae
949 1646 1189 1712 detegunt
1204 1663 1292 1712 per
1309 1663 1537 1712 vapores,
1552 1663 1682 1711 quos
1706 1646 1802 1695 ob-

53 1707 244 1757 servant
268 1705 443 1762 mane,
465 1711 515 1759 ὅ(
535 1709 744 1772 vesperi:
783 1709 957 1758 duetus
980 1712 1259 1762 metallicos
1285 1713 1508 1762 divinant
1527 1727 1585 1761 ex
1613 1710 1795 1763 herbis,

51 1770 177 1819 nasci
200 1770 388 1819 ibidem
409 1772 583 1822 solitis:
619 1771 871 1821 thelauros
889 1805 900 1827 ,
920 1786 1069 1836 atque
1100 1775 1340 1824 cadavera
1370 1792 1428 1824 ex
1452 1775 1650 1840 tripode
1677 1773 1798 1822 hau-

51 1836 184 1880 riunt
206 1834 551 1896 profundiore,
566 1850 685 1881 nam
705 1835 897 1882 addunt
918 1837 1163 1891 adiuuari,
1183 1838 1360 1900 quibus
1382 1854 1490 1887 non
1508 1834 1669 1902 potest
1685 1851 1795 1885 non

49 1892 144 1942 esse
170 1895 437 1950 conjuncta
472 1896 602 1943 fraus
625 1897 807 1958 Stygia.
908 1898 1144 1945 Fluorem
1171 1901 1441 1964 sanguinis,
1464 1902 1513 1947 in
1546 1899 1794 1964 praesentia

47 1958 323 2024 parricidae,
345 1959 566 2022 qualitati
596 1957 906 2023 antipathicae
935 1958 1159 2010 adscribit
1183 1963 1441 2014 Lucretius
1456 1997 1470 2019 ,
1491 1963 1615 2013 dum
1638 1963 1794 2012 eanitt

2106 442 2115 464 >

268 2048 478 2114 Mzmque
504 2051 691 2097 homines
705 2052 956 2115 plerumque
975 2055 1189 2102 cadumin
1213 2057 1390 2110 vulnus,
1413 2059 1469 2106 «ΞΓ
1496 2059 1613 2104 illam

267 2115 442 2162 Emicat
470 2116 512 2159 in
528 2126 699 2173 partem
716 2115 909 2174 fizngus‘s,
931 2119 1038 2162 unde
1059 2120 1212 2166 icimur
1237 2120 1352 2168 iffa.-

266 2179 329 2224 Et
343 2176 381 2236 fi
404 2177 590 2223 comimis
609 2176 661 2228 esi
674 2213 686 2227 ‚
712 2177 863 2230 hostem
885 2178 1013 2225 ruber
1033 2193 1206 2243 occupat
1232 2184 1397 2231 horror.

46 2270 240 2324 Herbas
259 2272 387 2327 illas,
408 2287 529 2335 quas
551 2269 775 2326 attulisti,
804 2273 1043 2336 pullulare
1074 2291 1132 2324 ex
1156 2276 1320 2326 fundo
1341 2280 1542 2344 Stygio,
1564 2294 1790 2332 ceremo-

45 2340 138 2387 niae
160 2335 390 2398 probant,
412 2336 592 2399 quibus
616 2335 883 2384 solenniter
897 2338 1234 2388 incantantur:
1270 2341 1404 2391 idem
1426 2344 1662 2401 judicium
1683 2342 1791 2395 esto

48 2400 112 2448 de
143 2398 451 2463 sympathico
479 2400 684 2464 pulvere
705 2432 718 2451 ,
752 2399 813 2448 de
842 2399 1231 2464 hoplocrismate
1259 2405 1465 2469 Stygio,
1497 2408 1559 2456 de
1592 2408 1789 2458 Alberti

47 2463 224 2526 Magni
252 2461 474 2525 gemellis
500 2495 515 2520 ,
552 2477 683 2527 quos
709 2464 762 2513 in
788 2462 877 2514 suo
904 2464 1136 2517 Zodiaco
1165 2472 1450 2521 numeravit
1479 2470 1789 2539 probabiliiis

49 2522 268 2578 Lucifer.

23 2600 46 2607 ‘
1522 2597 1718 2653 LEUC:
