2177 2905
614 95 1018 159 Technophylacium
1040 93 1277 158 Phyficum.
1667 98 1761 146 229

71 191 278 263 ingenio
300 191 623 245 adumbrata:
660 207 722 241 an
745 191 875 256 paria
895 188 957 239 de
975 190 1133 238 Brutis
1161 189 1455 253 specimina,
1473 187 1523 235 in
1553 197 1645 234 tuo
1671 177 1824 232 visen·

71 262 135 311 da
155 257 642 323 Technophylacio?
708 257 864 302 MEL:
933 254 1072 319 Qid
1095 253 1315 302 dubitas?
1347 252 1446 302 En!
1482 247 1566 299 hic
1595 246 1823 297 volantes

72 324 311 387 Archytae
331 320 619 370 columbas:
671 320 770 368 En!
805 318 998 367 Daedali
1028 317 1267 380 Aquilas,
1291 313 1487 377 aliaque
1517 313 1676 377 gentis
1706 321 1824 373 pen-

70 390 251 453 nigerae
273 385 474 449 Estypa,
497 398 561 431 eo
582 381 818 432 Artificio
839 381 1041 446 sculpta,
1063 393 1117 430 ut
1137 381 1279 429 Plato
1306 379 1369 428 de
1391 377 1560 436 iisdem
1578 373 1635 424 fit
1655 373 1824 422 solitus
1954 416 1964 428 ,

72 451 266 500 dicere:
301 445 545 506 Artefaffia
563 445 831 504 Daedalimifi
853 446 1005 498 clavis,
1027 442 1291 507 vinculisque
1309 441 1462 502 forent
1487 438 1614 500 affixa
1637 432 1825 498 styloba-
1888 422 1928 466 P
1929 416 2004 466 lm·

70 518 144 566 tis,
157 513 397 560 avolarent.
465 511 982 574 En!Regiomontani
1001 507 1281 558 mirabilem
1298 506 1700 566 muscam,quam
1713 499 1828 548 Dae--
1907 556 1917 566 ·

71 578 211 627 dalus
240 572 327 623 iste
359 589 417 622 cx
450 573 587 623 ferro
619 572 682 621 sic
712 565 997 628 fabrefeci't,¹
1027 585 1082 626 ut
1108 572 1169 621 ab
1200 569 1418 624 Artificis
1463 582 1619 616 manu
1649 563 1825 629 sponte
1859 555 2011 603 Btder-

69 640 305 691 avolans,
327 637 390 686 ad
409 639 650 685 omnium
678 639 1013 685 convivarum
1036 636 1185 686 orbes
1202 669 1214 690 ,
1234 629 1512 696 calicesque
1542 630 1825 680 diverteret,
1855 629 2046 668 mannua·-

71 707 121 754 &
141 701 364 750 indidem
381 733 395 753 ,
413 715 509 748 ceu
529 698 642 749 fess'a
657 733 669 751 ‚
700 695 1012 762 postliminio
1035 699 1096 748 ad
1117 699 1326 748 herilem
1348 711 1560 746 manum
1579 691 1825 743 revolare,

71 763 345 832 positisque
373 764 459 811 alis
487 761 727 825 requiesse
754 763 1078 812 condisceret.
1128 763 1357 819 Ejusdem
1387 759 1633 823 Aquilam
1652 755 1826 819 aspice,

72 828 268 878 Carolo
287 827 354 876 V.
375 826 755 889 Nor-inbergam
776 826 1093 881 adventanti,
1119 826 1382 875 volantem
1416 820 1651 873 obviam,
1678 833 1735 866 ac
1765 814 1829 864 ad.
1858 828 1996 877 Idem,
2027 859 2038 867 ,

53 892 223 944 'Urbis
246 890 398 951 usque
417 901 638 953 portam,
656 889 961 937 humanitate
982 890 1191 938 mirabili
1210 888 1566 937 deducentem.
1614 879 1713 932 Hic
1730 895 1832 928 cer-

71 970 136 1004 ne
155 952 426 1005 Cochleas,
451 956 500 1002 &
515 949 828 1005 Testudines,
846 967 955 1014 quae
970 986 981 1005 ‚
1002 968 1313 1016 quamquam
1336 949 1362 1000 ὲ
1385 951 1518 999 ferro
1543 947 1699 999 factae,
1720 943 1829 992 nul-

72 1017 127 1066 lo
149 1029 320 1065 tamen
342 1017 452 1065 vitae
477 1015 666 1063 indicio
688 1013 916 1064 caruere:
954 1016 1033 1064 sed
1057 1016 1354 1080 prominulis
1372 1011 1662 1064 cervicibus,
1677 1012 1726 1058 ὅ(
1745 1021 1827 1074 pe-

72 1081 199 1129 dum
223 1079 471 1145 palmulis,
491 1078 696 1126 scienter
716 1075 742 1127 e
766 1080 884 1126 scuti
908 1083 1130 1142 tegmine
1155 1081 1565 1145 prolatis,terram
1589 1070 1742 1125 ultro,
1762 1073 1827 1144 ci-

71 1141 259 1206 troque
287 1138 723 1207 perambularunss
768 1145 817 1192 &
852 1142 1003 1194 ficubi
1035 1144 1166 1191 obex
1199 1141 1521 1194 occurrebat,
1551 1135 1683 1203 prius
1706 1134 1825 1183 vsane

74 1205 230 1270 quam
257 1209 307 1255 in
336 1206 478 1254 illum
507 1208 928 1269 impingerentur,
946 1208 1166 1271 tempori
1189 1206 1461 1258 divertere,
1487 1197 1729 1261 retroque
1748 1208 1828 1246 ce-

74 1271 192 1320 dere
207 1302 220 1323 ,
240 1269 384 1318 nullo
404 1268 635 1318 Rectoris
658 1270 870 1334 imperio
897 1269 1282 1320 consueverunt.
1382 1262 1458 1318 lbi
1476 1267 1616 1316 Artis
1635 1260 1828 1313 Phidia-

74 1349 145 1383 cae
174 1333 290 1383 vide
318 1345 551 1381 torevma
575 1333 795 1381 clarum:
837 1332 899 1381 de
920 1349 1029 1395 quo
1049 1336 1237 1383 Po'e'ta:
1268 1332 1397 1394 pzTces
1430 1330 1602 1393 aspicis?
1653 1327 1757 1372 adde
1779 1339 1825 1369 a-

73 1409 227 1460 quam,
249 1395 476 1443 natabunt.
579 1396 678 1445 Sed
709 1399 759 1446 ὃς
792 1399 1041 1447 Mentoris
1073 1397 1423 1461 contemplare
1450 1400 1744 1443 Laertam,
1765 1386 1828 1436 de

75 1476 175 1524 qua
200 1460 337 1509 idem
364 1460 632 1513 Martialis:
685 1459 840 1516 inserta
859 1462 1037 1519 phialae,
1065 1464 1281 1507 Mentoris
1307 1476 1435 1505 manu
1466 1456 1615 1507 dubia,
1641 1457 1829 1500 ‚Lacerta

72 1526 220 1574 vivit,
240 1526 295 1570 (φ
315 1525 495 1568 timetur
514 1535 754 1582 argentum.
799 1559 801 1561 -
853 1521 970 1573 Imo
992 1539 1100 1572 non
1120 1520 1286 1573 modo
1305 1522 1448 1571 bruta
1461 1554 1474 1575 ,
1495 1519 1576 1568 sed
1595 1521 1644 1568 ὃ(
1664 1514 1830 1565 horni-

73 1602 160 1638 nes
184 1585 444 1635 aemulatur
471 1584 572 1633 Ars
592 1585 866 1635 hominum
893 1585 1019 1638 fere,
1042 1585 1309 1651 plusquam
1339 1585 1578 1634 humana.
1664 1581 1830 1628 Mem-

73 1651 225 1699 nonis
245 1645 456 1696 statuam
477 1651 710 1712 ignorare
726 1664 834 1696 non
856 1661 1028 1713 potes,
1052 1665 1162 1712 quae
1181 1649 1364 1698 Phoebi
1386 1648 1590 1696 orientis
1606 1638 1830 1708 percuffa

75 1712 219 1763 radio
236 1745 246 1765 ,
268 1711 498 1760 humanis
520 1711 730 1762 vocibus
751 1709 819 1760 est
835 1712 1056 1761 allocuta
1073 1715 1296 1760 amicum
1316 1711 1459 1761 Sidus
1476 1729 1487 1756 ε
1535 1723 1629 1757 nec
1649 1703 1829 1756 Daeda-

74 1773 322 1827 listatuas,
342 1772 477 1822 ultro
493 1808 507 1828 ,
528 1770 760 1837 citroque
791 1774 1131 1823 discursantes:
1170 1791 1262 1824 nec
1285 1778 1542 1823 triremem
1562 1772 1717 1822 illam,
1732 1768 1829 1816 Ca-

74 1840 193 1888 rolo
212 1839 278 1887 V.
301 1836 483 1893 Parifijs
504 1838 728 1884 Oblatam
742 1870 755 1889 ,
775 1853 931 1899 quam
962 1841 1174 1902 remiges
1194 1837 1391 1902 pretiofi
1407 1871 1420 1891 ,
1440 1837 1553 1899 quia
1579 1832 1825 1896 argentei,

74 1900 429 1964 impellebant,
455 1897 707 1952 fistebant‚
728 1902 778 1948 ὃς
808 1915 900 1963 pro
921 1900 1063 1948 libitu
1080 1901 1293 1963 agebant
1318 1896 1471 1948 retrb.
1490 1897 1511 1912 '⁸
1550 1899 1613 1946 Et
1634 1896 1714 1943 illa
1737 1889 1827 1940 sta-

74 1977 160 2013 tua
187 1961 423 2011 laudabat
451 1961 594 2010 suum
621 1961 915 2016 Artificem,
941 1977 1095 2024 quam
1128 1959 1365 2012 Artificio
1399 1961 1505 2010 tubi
1529 1956 1727 2009 acustici
1749 1956 1824 2004 lo·
1888 2011 1891 2014 Δ

74 2038 318 2092 quentem
342 2057 358 2078 ‚
385 2026 567 2074 oculos
602 2037 899 2075 moventem
922 2059 937 2079 ,
961 2029 1012 2075 ὃ(
1040 2026 1290 2091 linguam,
1319 2041 1457 2074 anno
1492 2022 1637 2088 elapsi
1665 2018 1823 2070 saeculi

72 2088 420 2152 octuagesImo
440 2090 651 2154 septimo
663 2089 1020 2154 RegiAngliae‚
1037 2103 1114 2149 24.
1140 2090 1355 2138 millium
1375 2088 1695 2137 florenorum
1716 2098 1823 2148 pre-

71 2153 148 2204 tio
171 2154 397 2202 oblatam
428 2153 656 2218 legimus,
724 2155 840 2202 Nec
856 2169 1051 2203 aencum
1071 2152 1404 2218 horologium
1430 2149 1634 2204 illud‚ab
1659 2149 1820 2198 obvio

73 2219 257 2282 quovis
281 2214 534 2281 Cyclope,
562 2232 677 2265 reor
692 2249 706 2270 ,
728 2216 1044 2265 elaboratum
1060 2250 1072 2266 ,
1093 2217 1237 2280 quod
1258 2216 1454 2267 Carolo
1475 2217 1552 2264 M.
1577 2208 1821 2262 transmis-

71 2283 180 2333 sum
208 2279 236 2329 a
254 2279 490 2342 calipha,
513 2281 798 2343 priusquam
826 2279 1036 2345 pulsaret
1059 2280 1209 2330 horas
1225 2313 1239 2335 ,
1258 2279 1534 2329 duodecim
1561 2278 1749 2340 equites
1773 2289 1821 2322 e-

72 2345 331 2396 mittebat,
363 2346 452 2404 qui
477 2343 692 2392 totidem
733 2344 1033 2393 claudebant
1072 2341 1308 2393 fenestras
1326 2377 1339 2398 ‚
1369 2356 1425 2392 ut
1451 2342 1588 2391 horis
1619 2339 1816 2404 singulis

74 2404 415 2458 monstrarent
442 2422 548 2456 non
574 2419 678 2455 tam
705 2407 816 2460 fibi,
840 2407 995 2468 quarn
1018 2408 1319 2461 mortalibus
1345 2406 1584 2455 omnibus
1614 2405 1817 2467 vigilan-

73 2471 216 2521 dum.
284 2471 344 2518 Et
359 2470 442 2519 illa
464 2470 694 2520 machina
714 2471 953 2538 probarat
968 2472 1210 2538 scalprum
1231 2487 1386 2520 manu
1404 2468 1602 2535 Phydiae
1625 2483 1731 2515 non
1747 2468 1817 2514 in-

77 2535 317 2600 dignum>
345 2548 456 2597 quae
489 2533 755 2588 exhibebat
785 2537 1060 2651 Thrgnum
1082 2569 1097 2592 ‚
1122 2538 1176 2588 in
1196 2535 1417 2589 Throno
1448 2536 1816 2655 Ιωρεέῐὲοῑεηι

958 2615 995 2665 g
1029 2613 1051 2660 3
1665 2607 1756 2645 ΟΠ·
