2222 2905
91 174 298 219 Muretus

90 236 123 283 l.
134 248 155 293 3
165 271 176 282 .
190 233 236 281 V
228 250 294 280 ar:

92 297 207 345 Iec'ii:

91 485 244 546 Eufeh:

91 553 253 612 Caefhri..

92 679 209 726 Plin:
223 678 252 725 l.
270 694 309 724 c²

89 806 211 852 Idem
225 805 254 851 l.
270 821 308 852 c.

92 998 251 1046 Ideml.
267 1013 303 1047 c.

422 99 443 147 5
449 101 480 134 2,
977 85 1178 133 Hamma
1212 88 1478 137 Promethei.

351 183 545 240 ferunt,
566 200 624 233 ac
647 181 682 233 fi
700 198 887 234 omnes·-
909 200 1031 235 cum
1048 187 1199 236 unius
1220 186 1397 238 Matris
1425 183 1551 235 lacte
1570 183 1780 236 suxisset.
1844 182 2136 253 Obstupuit·

346 263 555 312 quoque
575 247 745 298 Padua
763 282 782 303 ,
811 248 934 298 cum
956 250 1158 315 triginta
1174 248 1253 298 sex
1279 250 1561 298 nominum
1578 252 1762 305 millia,
1794 251 1988 300 eodem
2004 266 2113 317 quo

345 310 571 361 hauserat
604 311 783 361 ordine
808 346 827 367 ,‚
859 311 886 362 a
915 314 1112 372 Juvene
1146 314 1354 378 repetita
1380 345 1396 366 ‚
1431 315 1482 364 &
1515 314 1904 377 quidem,nullo
1944 330 2116 364 errore

346 377 642 441 perciperet..
709 377 822 426 Nec
842 377 971 426 inter
998 375 1203 426 hebetes
1234 377 1578 427 numerandus
1599 380 1824 436 Joannes
1865 378 1948 427 ille
1969 379 2117 431 Palae—

349 435 500 488 stinus
523 472 540 494 ,f
572 441 659 502 qui
682 439 905 490 universa
925 440 1066 489 sacrae
1100 441 1363 506 Scripturae
1395 441 1687 497 volumina,
1705 439 1766 492 ea
1788 442 1884 492 fuit
1914 456 2117 491 memo-

348 500 419 551 ria
438 504 733 569 complexus
756 537 768 556 ‚
807 516 862 552 ut
881 503 1261 567 quibuscunque
1285 503 1449 554 verbis
1475 503 1620 555 filum
1643 508 1947 571 porrigeres,
1963 506 2015 559 id
2025 506 2115 560 lin-

345 564 445 630 gua
468 581 732 628 nunquam
756 567 958 616 fallente
979 601 998 622 ‚>
1029 567 1094 617 ad
1115 567 1267 631 usque
1288 569 1477 617 exitum
1489 569 1888 634 prosequeretur.
1952 569 2118 622 Sed&
2143 574 2152 582 ’

349 633 602 679 memoria
623 631 745 695 Cyri
765 633 1064 695 neutiquam
1086 631 1349 680 oblivione
1383 632 1599 682 delenda
1630 651 1640 680 t
1677 650 1798 683 nam
1830 647 1968 683 tanta
1996 633 2114 687 fuit,

351 706 404 742 ut
430 690 455 742 ὲ
477 693 571 743 suo
592 697 810 743 exercitu
832 729 847 750 ,
882 697 969 759 qui
990 694 1136 745 sexies
1158 708 1370 744 centena
1391 697 1611 747 militum
1635 698 1789 747 millia
1810 697 2122 761 complecte-

349 757 492 819 batur
514 791 526 812 ,
563 760 793 821 quemvis
818 775 929 807 non>
951 759 1152 809 tantilm
1171 762 1386 808 nomine
1409 793 1421 814 ,
1459 760 1541 809 sed
1573 763 1624 810 ὃ(
1653 763 1969 826 cognomine
2001 778 2124 826 pro-1

346 823 457 886 prio
479 821 828 886 compellaret.
895 822 1112 875 Ulterius
1139 822 1450 888 progressum
1475 838 1767 873 memorant
1789 827 2005 875 Lucium
2019 826 2125 873 Sci-2-

347 887 559 950 pionem
581 919 593 939 ,
631 889 717 949 qui
746 886 969 951 [iugulos
992 890 1129 936 cives
1154 920 1172 940 ,-
1205 902 1433 950 quorum
1455 888 1704 953 myriades
1734 889 1969 954 plurimas
1998 900 2126 938 tunc·

346 963 699 998 numeraverat
722 952 894 1000 Roma
915 984 933 1004 „
966 948 1291 1000 onomastico
1314 968 1424 1000 non
1447 952 1597 1001 semel
1625 954 1773 1002 titulo
1792 949 2028 1001 salutarit,
2060 952 2125 1001 11-

345 1012 435 1061 lud
457 1012 674 1076 denique
710 1015 959 1063 miraculo
994 1017 1290 1079 proximum
1319 1049 1332 1069 ,
1378 1016 1714 1065 Charmidem
1743 1050 1755 1071 ,
1791 1016 1925 1065 fidus
1956 1031 2122 1079 quon-

348 1076 467 1125 dam
487 1079 536 1125 in
557 1078 749 1126 Graecia
775 1079 1129 1142 magnitudinis
1150 1081 1319 1143 primae
1335 1113 1352 1133 ‚.
1369 1075 1685 1143 quaecunque
1713 1081 1912 1129 auribus
1933 1079 2119 1131 hausit,

344 1141 576 1193 felicitate
604 1141 800 1206 prorsus
819 1142 1229 1207 imperturbabili,
1251 1139 1280 1191 ὲ
1299 1147 1575 1195 memoria,
1600 1145 1739 1194 velut
1767 1156 1967 1209 patente
1990 1140 2017 1193 ὲ
2039 1159 2128 1209 pa—

344 1206 459 1269 gina
484 1238 496 1259 ,
533 1221 657 1253 mox
679 1202 897 1254 recitafi'e
923 1224 938 1252 2
980 1204 1090 1255 imo
1117 1239 1128 1259 ,
1157 1206 1487 1269 quoscunque
1515 1207 1675 1256 libros
1701 1208 1922 1272 legendo
1947 1207 2127 1256 decur--

344 1283 474 1317 rerat
496 1303 508 1323 ,
545 1267 800 1318 memoria
833 1270 957 1318 mox
983 1268 1189 1318 tcnuiffe
1212 1304 1225 1324 ,
1262 1269 1565 1319 helluonem.
1590 1270 1872 1320 bibliorum
1892 1304 1904 1325 ,
1935 1273 1986 1320 ὃς
2013 1270 2120 1319 bib·

346 1331 689 1381 liothecarum.
712 1336 1012 1398 voraginem
1031 1333 1418 1398 propemodum
1450 1333 1702 1384 infinitam
1727 1352 1741 1382 r.
1776 1337 1827 1385 ὅ(
1852 1334 1958 1383 haec
1979 1333 2122 1388 sunt,

347 1411 457 1459 quae
483 1396 544 1445 de
567 1397 799 1446 felicitate
824 1400 1109 1449 memoriae,
1126 1394 1452 1464 posterorum
1473 1399 1959 1450 memoriaeVeteres
1975 1413 2125 1448 com-2

346 1457 675 1510 mendarunt.,

506 1526 669 1574 MEL:
709 1528 822 1575 Tua·
847 1525 1091 1591 probatur
1112 1524 1223 1574 haec·
1249 1524 1470 1574 eruditio
1490 1543 1503 1572 ·.
1537 1524 1796 1574 Caeterum
1814 1522 1969 1574 dixisti
1992 1525 2126 1575 mul-

345 1600 420 1642 ta,
443 1604 559 1637 non
577 1589 826 1638 multum:
865 1591 1032 1654 paucis
1056 1589 1187 1638 habe
1216 1589 1541 1652 problematis
1570 1588 1895 1638 decisionem,
1963 1590 2120 1643 Sunt,

274 1687 281 1700 .
343 1652 524 1715 quibus
548 1653 856 1702 cerebellum
881 1657 931 1705 ὅ(
956 1652 1144 1702 liceum
1165 1651 1232 1702 est
1256 1656 1307 1703 <St
1330 1653 1621 1705 exsuccum3
1658 1653 1839 1718 quibus
1868 1652 1994 1702 aridi
2017 1666 2120 1703 tor-

97 2115 174 2165 lib.
190 2118 239 2163 de
249 2117 313 2163 di·

99 2183 241 2229 vinat:

339 1716 546 1780 pescunt
572 1716 789 1781 spiritus,
808 1714 1060 1782 spissaeque
1080 1730 1230 1782 caput
1259 1716 1447 1780 ubique
1475 1716 1736 1780 perforant
1769 1713 1918 1765 aristae
1946 1735 1956 1764 :
1996 1716 2121 1767 hine

343 1782 583 1844 navigant
623 1782 672 1829 in
702 1780 835 1830 sicco
867 1781 1076 1845 semper,
1096 1797 1192 1830 nec
1221 1779 1309 1829 nisi
1336 1780 1492 1831 invita
1522 1778 1757 1830 Minerva
1795 1778 2118 1831 stramineam

338 1840 518 1892 frustra
540 1847 849 1893 memoriam
876 1844 1142 1909 flagellant.
1211 1844 1470 1895 Thracum
1493 1841 1617 1895 vero
1640 1844 1839 1895 durities
1861 1859 1918 1892 cx
1934 1860 1999 1893 eo
2020 1847 2125 1894 ori--

340 1909 514 1971 ginem
538 1907 687 1957 trahit
707 1944 717 1959 ‚
751 1908 786 1958 si
806 1908 1308 1958 Conimbricenfibus
1329 1907 1451 1958 fides
1470 1944 1482 1964 ,
1504 1909 1649 1973 quod
1666 1910 1755 1959 soli
1767 1904 2010 1971 Coelique
2031 1925 2115 1958 na-

340 1983 482 2025 tura,
497 1969 821 2035 siderumque
843 1972 1056 2021 influxus
1080 1973 1337 2035 qualitates
1359 1975 1623 2022 memoriae
1652 1975 1877 2022 inimicas
1903 2005 1915 2025 ,
1942 1972 2118 2036 iugiter

343 2035 641 2098 imprimant
663 2053 675 2085 :
715 2037 850 2085 unde
866 2036 1142 2084 Thebanos
1166 2051 1375 2099 quoque
1403 2038 1610 2102 ingenio
1640 2037 1824 2085 obtuso
1847 2040 1898 2087 ὃς
1918 2037 2116 2100 pingui,

345 2098 677 2148 Athenienses
700 2101 961 2166 perspicaci
991 2114 1141 2163 atque
1160 2113 1312 2149 acuto
1333 2099 1488 2154 fuisse,
1503 2099 1714 2150 Author
1744 2096 1812 2148 est
1832 2102 2119 2172 Oratorum

346 2163 605 2226 Princeps:
645 2161 709 2214 eo
740 2164 885 2228 quod
911 2163 1112 2213 Thebas
1141 2162 1318 2212 crassus
1343 2197 1357 2218 ,
1393 2163 1622 2213 Athenas
1657 2179 1794 2212 rarus
1825 2163 2116 2227 subtilisque

351 2230 435 2275 aer
463 2228 632 2277 solitus
666 2227 724 2276 fit
755 2230 991 2276 animare.
1095 2227 1292 2277 Contra
1321 2229 1430 2276 sunt
1455 2261 1467 2282 ,
1505 2227 1685 2291 quibus
1712 2227 1895 2277 viscosa
1926 2228 2116 2278 cerebri

349 2290 547 2340 indoles
563 2325 575 2346 ,
612 2292 793 2354 quibus
817 2292 1002 2355 spiritus
1030 2291 1229 2341 humidi
1249 2325 1261 2345 ,
1298 2287 1504 2356 aptique
1522 2291 1585 2339 ad
1603 2291 1970 2356 recipiendam,
1991 2306 2116 2342 cerae

347 2350 524 2408 instar,
548 2357 778 2417 quamvis
806 2358 1177 2419 imaginemt&
1198 2354 1252 2404 hi·
1271 2354 1554 2421 prodigiosa
1574 2370 1684 2403 non
1714 2353 1830 2404 raro
1863 2354 2116 2406 memoria

352 2418 616 2467 excellunt.
687 2418 744 2467 Id
765 2432 937 2468 tamen
958 2420 1020 2468 de
1048 2419 1348 2468 humiditate
1367 2420 1522 2468 velim
1545 2417 1769 2468 advertas
1784 2452 1797 2472 ,
1834 2416 1979 2482 quod
1991 2417 2115 2469 ficut

352 2483 617 2533 memoriae
642 2495 890 2548 promptae
916 2480 985 2531 est
1015 2485 1226 2547 genitrix
1248 2515 1263 2537 ,
1296 2484 1363 2531 ita
1383 2481 1450 2538 „fi
1467 2483 1624 2531 nimia
1645 2515 1664 2536 ,J
1696 2482 1968 2533 oblivionis
1987 2496 2116 2543 quo-

352 2560 452 2612 que
471 2545 527 2597 fit
547 2547 714 2599 Mater
736 2564 746 2597 :
783 2562 903 2598 nam
929 2580 942 2603 ,
978 2562 1122 2612 aquae
1138 2543 1315 2603 instar,
1350 2541 1496 2598 facile
1513 2545 1648 2598 ideas
1671 2561 1853 2599 omnes
1878 2545 2112 2658 αάηέἰᾏῑίζ,

1990 2623 2014 2657 e
