2222 2905
707 66 904 120 Flamma
938 68 1204 120 Promethei.
1725 63 1783 125 ff

75 167 348 222 memoria,
365 166 416 218 δ(
437 160 678 217 viciffim?
712 180 803 216 cur
822 164 1042 229 denique
1058 161 1250 214 infinita
1272 154 1432 229 prope
1452 157 1726 229 speetacnla
1741 158 1852 209 haee

79 232 230 280 nobis
253 229 482 280 exhibeat
513 229 719 279 facultas
743 262 758 285 ‚
798 243 1023 293 quorrun
1052 240 1226 277 tamen
1253 228 1496 290 imagines
1537 223 1850 290 suppeditare

76 291 236 344 nostri
255 293 412 344 sensus
430 308 540 343 non
558 293 813 359 poterant?
832 293 933 350 Eia,
950 291 1212 357 Oedipum
1227 305 1332 356 age,
1347 292 1396 340 ὅ(
1410 289 1707 355 epomidem
1725 301 1850 359 con-

77 357 335 407 cedemus.
404 356 503 407 Sed
529 356 772 407 humeros
797 354 1075 407 contrahis,
1108 352 1344 416 onusque
1366 353 1593 402 solvendi
1614 352 1770 409 rejicis
1796 364 1851 398 m

79 420 403 488 probantem.
471 421 548 470 En
569 421 716 486 igitur
731 421 925 485 paucis:
996 420 1112 469 Nos
1132 419 1259 466 inter
1279 419 1328 470 Sc
1349 416 1583 481 Angelos
1601 428 1851 479 magnum

79 486 254 550 utique
277 483 567 534 discriminis
590 481 773 533 chaos:
825 483 1041 533 illorum
1063 482 1319 531 memoria
1351 479 1416 528 ad
1442 480 1702 530 arbitrium
1724 491 1854 526 nun-

79 561 236 612 quam
265 561 375 598 non
401 546 654 613 expedita:
707 541 877 596 nostra
901 579 915 601 ,
940 545 1186 609 quamdiu
1222 544 1430 608 quidem
1462 542 1558 593 hac
1585 538 1705 592 aura
1736 539 1853 612 frui-

79 627 222 663 mur,
256 608 579 661 indissolubili
608 625 741 660 nexu
762 609 1091 675 phantasmati
1125 609 1376 672 alligatur:
1431 609 1482 658 &
1511 602 1629 656 licet
1658 605 1778 654 huic
1801 618 1855 652 m

78 674 333 725 cerebello
356 661 573 724 teritoria
603 672 722 739 figas
737 707 749 727 ,
774 674 962 739 spiritus
985 685 1157 721 tamen
1178 670 1529 737 phantasmatis
1554 673 1604 721 ὃς
1623 669 1743 734 saepe
1771 666 1856 715 ba-

78 738 192 798 iuli,
222 740 274 790 &
296 736 488 804 semper
509 736 672 787 solent
702 736 794 786 esse
815 750 1059 787 motores.
1128 739 1261 786 Hinc
1284 735 1318 784 fi
1337 738 1388 784 in
1417 734 1683 784 cerebrum
1705 745 1854 796 pene-

80 813 240 858 trent,
264 803 454 869 puriori
474 801 667 851 cxcosti
691 801 952 866 sanguine,
973 816 1083 851 non
1103 800 1190 849 nifi
1213 799 1428 849 ludicra:
1466 798 1501 848 s1
1520 794 1853 846 melancholi-

79 881 148 916 co
170 869 272 917 nati
292 866 538 922 humore,
559 881 669 915 non
687 864 774 915 nisi
800 867 990 921 tetrica,
1011 865 1090 916 vel
1108 866 1289 919 invito,
1314 861 1657 929 phantasmata
1680 858 1854 908 obtru-

77 930 217 980 dent.
316 931 367 981 Si
391 933 443 980 in
460 930 688 985 cerebro,
713 932 881 979 nativa
903 929 1203 980 humiditate
1221 927 1476 994 disposito,
1501 924 1763 975 calidiores
1782 920 1852 970 af·

81 993 240 1044 fluant
259 993 445 1060 spiritus
459 1028 473 1050 ,
493 993 673 1060 species
693 993 899 1043 habebis
924 993 987 1042 ad
1005 995 1276 1060 imperium
1299 1002 1585 1058 promptas:
1639 987 1674 1038 fi
1695 988 1747 1035 in
1768 984 1853 1034 fic-

81 1073 149 1107 co
168 1058 466 1123 torpescant,
490 1060 749 1123 experieris
769 1058 1082 1107 cunelantcs:
1127 1056 1163 1106 si
1189 1058 1241 1105 in
1269 1051 1405 1105 male
1441 1052 1703 1120 disposito,
1732 1064 1854 1099 avo-

81 1122 188 1171 lent
205 1155 217 1176 ,
243 1122 323 1171 vel
343 1133 761 1186 corrumpantur,
781 1123 830 1171 &
866 1120 1128 1169 simulacra
1165 1120 1427 1183 corrumpi
1464 1116 1719 1166 necessum
1746 1110 1849 1162 est:

82 1185 219 1234 unde
247 1184 443 1234 oblivio
460 1217 472 1238 ,
499 1200 656 1247 quam
684 1186 737 1232 in
752 1183 1055 1249 phreneticis
1087 1183 1254 1249 saepius
1283 1182 1609 1232 admiramur.
1711 1178 1856 1228 Alte-
1882 1182 2094 1235 Conimbr.

81 1264 198 1298 rum
222 1249 515 1313 problema,
541 1246 685 1310 quod
707 1249 906 1300 attinet,
934 1247 1116 1312 ingenii
1147 1260 1366 1296 acumen
1396 1240 1528 1294 recte
1553 1240 1779 1293 statuitur
1799 1241 1853 1289 in
1871 1247 2020 1311 pisohl.⁴
2044 1260 2091 1305 4

79 1313 418 1372 promptitudine
443 1315 621 1365 mentis,
642 1327 724 1373 qua
739 1309 875 1369 facile*
899 1313 1166 1361 invenimus,
1188 1325 1274 1373 quoe
1294 1310 1458 1360 latent,
1491 1309 1684 1368 &super
1700 1308 1852 1353 inven-
1879 1314 2076 1361 demem,

82 1387 131 1421 ta
149 1372 357 1435 profiandci
378 1374 661 1431 discurrimm.
764 1373 956 1423 Pendet
981 1385 1153 1422 autem
1173 1372 1280 1422 haec
1310 1371 1666 1437 promptitudo
1694 1370 1757 1419 ab
1780 1370 1853 1418 in-

82 1450 347 1486 ternorum
367 1433 643 1485 ministerio
664 1435 893 1486 sensuum
908 1473 922 1488 ,
944 1433 1165 1485 maxime
1190 1435 1216 1485 a
1240 1436 1508 1486 facultatis,
1534 1450 1644 1498 quae
1666 1435 1854 1499 cogita-

82 1501 304 1549 tionibus
327 1498 574 1565 praefidet,
601 1500 837 1564 expeditis
862 1501 1134 1563 obsequijs,
1155 1499 1362 1563 quibus,
1391 1498 1690 1547 discurrente
1713 1497 1857 1546 intel-

81 1564 239 1617 leffitu,
265 1566 314 1614 ὅ(
334 1563 429 1628 ipsa
450 1563 790 1628 particularius
812 1567 942 1613 circa
965 1564 1153 1629 lingula
1176 1563 1425 1612 discurrit:
1463 1563 1564 1620 jam
1584 1560 1708 1612 vero
1731 1561 1854 1612 cum

83 1627 284 1677 durities
314 1626 529 1681 cerebri,
551 1642 660 1690 quae
689 1643 861 1677 rerum
899 1628 1038 1676 idola
1068 1625 1290 1676 tenacius
1316 1628 1496 1675 retinet
1518 1659 1531 1681 ‚
1549 1627 1855 1676 'facultatem

83 1690 213 1740 hanc
243 1702 528 1740 remoretur
544 1724 558 1745 ,
578 1692 811 1756 colliges,
833 1688 886 1740 ni
913 1692 1062 1740 fallor
1076 1725 1089 1745 ,
1111 1690 1389 1754 quomodo
1419 1691 1683 1754 ingenium
1702 1689 1856 1744 hebe-
2073 1750 2075 1752 ,

82 1767 179 1809 tet,
206 1755 258 1803 id
277 1754 439 1820 ipsum
463 1755 608 1817 quod
629 1758 937 1804 memoriam
959 1755 1110 1803 efficit
1129 1755 1437 1804 diuturnam.
1538 1753 1628 1804 Ad
1648 1759 1858 1808 tertium
1883 1749 2098 1809 Prohl.13

83 1818 254 1868 audire
273 1818 441 1866 lubeat
464 1818 927 1868 Conimbricenses:
967 1818 1048 1866 etsi
1062 1852 1076 1872 ,
1098 1818 1289 1866 horum
1312 1816 1519 1874 iudicio,
1540 1819 1860 1885 imaginatio.

86 1897 208 1931 nem
228 1894 378 1944 atque
399 1885 724 1934 memoriam,
738 1884 789 1929 in
810 1882 998 1930 eodem
1017 1881 1208 1929 cerebri
1228 1881 1496 1930 domicilio
1521 1884 1764 1941 colloces,
1780 1902 1863 1952 pe-

86 1945 275 1994 netrale
303 1958 476 1996 tamen
508 1947 652 1994 unius
685 1945 900 1996 siccum,
930 1948 979 1994 ὅ(
1013 1945 1208 1992 alterius
1233 1942 1326 1993 eise
1345 1949 1534 1998 noterit
1558 1949 1858 2000 humidum:

87 2008 225 2059 unde
247 2011 636 2074 temperamenti
659 2010 875 2057 mutatio
891 2041 906 2062 ,
926 2023 1035 2070 quae
1065 2007 1132 2055 sat
1154 2003 1224 2057 est
1256 2008 1321 2060 ad
1348 1995 1657 2063 {urbaridum
1686 2015 1861 2080 imagi-
1886 2016 1889 2019 ’

91 2072 246 2121 nandi
266 2072 522 2126 officium,
551 2087 660 2121 non
684 2068 935 2121 continuo
963 2069 1139 2122 sufficit
1166 2074 1231 2124 ad
1256 2076 1575 2126 retardandas
1593 2081 1859 2128 memoriae

92 2135 394 2184 funstioneS.
464 2135 554 2185 Ad
573 2137 812 2185 ultimum
833 2135 1068 2198 denique,
1080 2148 1199 2188 toto
1213 2141 1355 2188 collo
1376 2141 1668 2205 negandum
1687 2145 1737 2192 ὅ(
1751 2157 1864 2208 perr

92 2197 381 2261 negandum
396 2233 409 2252 ,
428 2201 480 2247 in
501 2202 762 2248 memoriae
786 2199 1018 2248 thesauris
1041 2202 1300 2266 quidpiam
1331 2204 1482 2252 latere
1506 2205 1860 2261 reconditum,

93 2261 240 2323 quod
267 2258 541 2310 ministerio
566 2262 794 2312 sensuum
819 2279 928 2312 non
957 2263 1220 2314 debeatur:
1277 2283 1438 2317 novas
1469 2270 1711 2334 imagines
1741 2270 1858 2318 dici-

91 2338 377 2394 mus-,quas
404 2327 605 2374 noviter
625 2327 941 2376 combinatas
972 2326 1154 2377 melius
1186 2329 1485 2381 diceremus.
1584 2334 1732 2396 Finge
1767 2333 1857 2382 tibi

93 2386 378 2442 Orbilium,
401 2386 624 2438 aliumve
639 2390 692 2438 in
714 2387 1008 2455 Magistratu
1074 2392 1346 2442 tamaricali
1368 2406 1603 2459 togatum
1623 2397 1850 2446 Patrem:

96 2464 290 2513 quaere,
317 2450 449 2499 unde
467 2452 536 2500 illi
560 2464 641 2502 tot
672 2456 915 2508 nomina,
945 2454 1033 2502 nul
1054 2456 1069 2502 i
1094 2456 1366 2507 intellectui
1393 2459 1462 2506 sat
1491 2459 1807 2509 nominanda
1828 2459 1851 2506 ,ἓ

89 2516 148 2572 ·&
171 2512 234 2565 ad
256 2513 515 2568 summum
534 2531 646 2568 non
661 2515 752 2569 nisi
768 2531 847 2578 24.
868 2517 1053 2570 litteras
1077 2520 1132 2571 in
1146 2519 1378 2574 medium
1398 2523 1648 2590 proferet,
1669 2522 1851 2586 quibus

1681 2599 1792 2637 non
