2177 2905
757 92 903 141 Momi
929 89 1139 148 Fencstra.
1288 55 1292 61 Ι
1665 101 1755 151 197

65 207 205 243 nam.
274 189 442 246 Audi,
465 202 566 254 qua
584 187 826 237 colorum
847 185 1062 237 mixtura
1085 198 1382 252 purpuratus
1410 188 1631 240 calamus
1656 183 1819 252 perfo-
1847 189 1967 241 θανά.
1981 192 2064 243 Bo·
2111 227 2114 229 Α

69 257 136 307 &i
156 257 267 308 Viri
294 255 528 320 depingat
546 252 791 317 estypon,
817 254 868 302 ὃς
893 254 1281 364 temperamenti
1300 250 1408 311 justi
1436 271 1562 304 mox
1584 251 1817 302 indolem
1850 274 1921 306 na,

71 322 306 385 colliges,
332 317 584 366 eit-indole
608 318 741 366 viam
764 318 856 365 viri
885 318 937 364 in
968 332 995 364 a
1035 315 1328 371 olea-entia,
1353 333 1507 380 quam
1534 315 1821 366 duodennis

66 386 120 435 in
142 380 396 435 Nazareth
417 380 608 430 terebat
621 376 860 429 Christus,
898 378 1109 430 Vidisses
1130 382 1414 429 interritum
1434 383 1678 447 periculis,
1692 379 1826 443 cupi-

69 449 303 497 ditatibus
322 445 594 499 intastum,
617 446 745 492 inter
771 443 971 492 adversa
992 443 1276 498 felicem,in
1295 447 1574 509 ignominia
1599 445 1826 495 beatum,

68 509 324 566 inmedijs
345 504 719 574 tempestatibus
740 507 997 572 placidum
1011 540 1024 562 ,
1044 507 1297 557 ridentem
1317 509 1565 572 quidquid
1589 508 1749 557 caeteri
1771 506 1827 553 ti-

64 585 235 628 ment,
262 570 506 638 optantve
521 605 535 627 ,
559 571 738 620 cuneta
761 570 1100 619 transeuntem
1114 605 1126 625 ,
1147 573 1287 622 velut
1304 575 1522 627 minora,
1543 574 1660 636 quia
1682 569 1828 618 nullo

66 638 215 688 bono
236 634 591 690 nitentem,nifi
615 635 704 684 suo
720 633 864 683 :hine
884 633 1091 698 semper
1106 635 1340 691 liberum,
1361 633 1680 686 constantem
1703 633 1826 682 sem-

66 718 155 769 per
171 734 184 755 ,
206 699 294 749 sibi
314 699 507 764 semper
526 698 764 758 similem,
790 698 1039 752 ercerum,
1067 700 1342 754 excelsum,
1364 717 1585 751 vacuum
1609 699 1677 747 sui
1692 732 1704 753 ,
1726 697 1829 760 ple-

64 781 194 816 num
217 765 383 813 DEO.
483 760 916 829 Deprehendiffes,
943 761 1087 824 quod
1107 764 1178 812 vis
1207 764 1360 819 nulla,
1384 765 1524 813 bona
1556 764 1623 811 illi
1646 762 1727 810 sua
1748 775 1829 807 ex-

65 841 283 882 cuteret,
307 823 454 890 quod
478 829 609 876 mala
635 838 795 875 vertat
812 827 863 874 in
890 825 1091 874 bonum
1106 859 1121 880 ,
1141 824 1286 888 quod
1306 844 1359 875 re
1387 828 1523 876 nulla
1549 822 1826 876 frustretur,

65 908 163 942 nec
190 892 298 940 ullo
322 890 525 938 laedatur
544 890 681 938 casu:
718 888 863 951 quod
885 891 1040 953 pretia
1060 889 1206 939 rebus
1221 924 1234 944 ,
1256 907 1366 939 non
1389 908 1446 940 ex
1469 886 1829 956 opinione,sed

70 972 128 1005 ex
148 957 350 1005 Natura?
368 955 618 1017 imponat.
684 952 894 1001 Vidisses
909 986 928 1007 ,.
945 951 1090 1015 quod
1109 954 1249 1019 super
1274 958 1451 1004 omnia
1475 956 1700 1005 eminens
1715 985 1728 1006 ,
1748 963 1828 999 to-

69 1023 106 1068 ti
130 1018 224 1068 sese
243 1019 422 1066 inferat
444 1016 683 1070 Mundo,
699 1018 750 1065 &
769 1017 822 1063 in
849 1031 1030 1064 omnes
1052 1018 1238 1066 Mundi
1270 1019 1405 1069 aetus
1434 1017 1827 1081 contemplatio-

68 1098 192 1132 nem
213 1081 472 1131 extendat²
494 1079 785 1142 tranquillus
806 1077 1016 1143 semper,
1039 1084 1087 1130 ὃς
1107 1083 1445 1132 inconcussus.
1526 1079 1827 1145 Deprehen-

68 1144 209 1195 diffes
225 1179 237 1200 ,
261 1142 407 1208 quod
428 1144 609 1201 majori
638 1144 705 1191 sui
727 1156 861 1206 parte
881 1144 985 1191 illic
998 1158 1372 1201 commoretur,
1393 1146 1528 1196 unde
1552 1142 1824 1195 descendit,

13 1218 15 1221 ’
70 1209 160 1261 fini
182 1209 271 1258 suo
295 1208 488 1271 semper
510 1207 808 1264 conjunCtus
823 1208 1104 1260 ,imitando
1125 1208 1292 1257 radios
1314 1212 1461 1265 Solis,
1486 1212 1572 1273 qui
1592 1203 1826 1270 quamvis

70 1287 257 1322 terram
279 1275 578 1334 contingant
591 1271 689 1325 ,ibi
709 1283 882 1318 tamen
905 1271 1041 1325 sunt,
1066 1272 1201 1320 unde
1222 1275 1506 1322 mittuntur.
1576 1273 1711 1322 Hinc
1731 1285 1826 1318 no·

70 1335 212 1387 tass'es
237 1337 364 1384 illius
384 1337 615 1383 animum
633 1336 686 1382 in
709 1334 924 1397 Olympiv
946 1337 1132 1383 vertice
1156 1337 1348 1399 semper
1377 1336 1705 1399 tranquillum
1720 1367 1733 1388 ,
1755 1333 1827 1382 su-

73 1417 164 1467 pra
190 1399 320 1448 hanc
345 1397 727 1463 atmosphaeram
753 1397 975 1445 ercitum
991 1430 1004 1450 ,
1026 1397 1218 1462 semper
1244 1401 1471 1450 serenum
1488 1433 1500 1454 ,
1532 1401 1619 1462 qui
1652 1413 1826 1446 rerum

70 1464 295 1514 defessus
324 1464 549 1527 ignoret,
573 1464 623 1510 &
653 1460 846 1508 formas
873 1461 1300 1512 Prothe'rnesciat.
1401 1463 1613 1513 Vidisses
1636 1495 1648 1516 ,
1679 1457 1827 1524 quod

73 1529 252 1578 omnia
278 1526 347 1575 illi
367 1525 538 1574 saec'ula
560 1524 796 1575 serviant,
817 1520 963 1585 quod
982 1528 1233 1587 aequaliter
1249 1561 1261 1581 ,
1282 1528 1409 1577 Solis
1431 1523 1576 1576 instar
1592 1559 1604 1580 ,
1629 1528 1827 1574 univer-

70 1593 118 1643 sa
138 1586 428 1656 perlustret,
449 1601 600 1652 atque
623 1589 774 1636 omni
791 1588 1158 1652 multiplicitate
1189 1589 1368 1649 reje&a
1384 1625 1396 1646 ,
1425 1593 1475 1640 in
1504 1591 1691 1639 unitate
1715 1587 1828 1637 fim-

70 1653 328 1723 plicissima
361 1652 703 1715 conquiescat„
797 1651 1242 1716 Deprehendiffes‚
1277 1654 1422 1719 quod
1462 1667 1595 1702 extra
1627 1654 1673 1701 se
1701 1651 1826 1700 nihil

74 1731 245 1783 optet,
264 1733 359 1766 nec
385 1716 567 1765 habeat
595 1714 813 1767 neceffe,
835 1715 1081 1765 accersere
1105 1718 1306 1783 longius
1337 1720 1645 1771 felicitatem,
1668 1730 1826 1779 quam

73 1783 237 1833 corde
261 1780 501 1830 inclusam
529 1782 679 1844 gerit:
709 1779 928 1841 denique
953 1778 1098 1842 quod
1119 1781 1210 1830 soli
1242 1784 1388 1832 DEO
1414 1782 1558 1846 spiret
1588 1784 1637 1830 Se
1661 1782 1824 1831 vivat,

70 1850 264 1911 semper
284 1845 417 1893 abire
432 1845 737 1908 paratus‚qui
756 1856 982 1891 mortem
1008 1861 1118 1893 non
1130 1858 1364 1894 numeret
1383 1844 1471 1893 nifi
1486 1841 1609 1892 loco
1633 1856 1824 1890 mercc-

79 1912 169 1965 dis,
193 1913 243 1960 &
263 1909 506 1957 felicitatis
530 1918 886 1971 perennaturae.
956 1908 1142 1968 Neque
1164 1907 1247 1956 hic
1270 1908 1395 1956 mihi
1419 1922 1626 1971 oggeras
1650 1906 1823 1959 velim,

67 1976 173 2026 hoc
185 1973 403 2038 estypon
416 1971 651 2035 penicillo
664 1971 842 2018 Stoi-co
865 1968 1364 2034 adumb1·atum‚quia
1388 1972 1658 2035 apathicon
1680 1986 1690 2015 :
1712 1983 1824 2016 non

71 2040 210 2088 enim
236 2037 453 2085 excludit
472 2033 744 2083 affeshium
766 2033 951 2082 Iustam
968 2066 980 2087 ,
1011 2033 1093 2082 sed
1117 2034 1254 2082 illam
1273 2033 1440 2099 potius
1471 2031 1822 2091 commendat.
1898 2064 1901 2067 ι

75 2104 265 2152 Timet,
281 2116 345 2148 ne
367 2101 544 2148 timeat
561 2093 863 2151 inordinate,
880 2097 960 2146 vel
987 2096 1174 2159 absque
1189 2096 1325 2147 sensu
1349 2097 1427 2147 sit:
1466 2098 1634 2149 audet,
1656 2112 1721 2144 ne
1753 2096 1826 2144 in-

75 2176 243 2215 currat
273 2165 558 2228 ignaviam:
591 2173 752 2215 amat,
786 2176 850 2208 nc
879 2176 1048 2208 rerum
1077 2164 1292 2225 pretium
1326 2171 1648 2210 contemnat:
1687 2158 1823 2214 odit,

75 2245 141 2280 ne
170 2228 366 2276 malum
389 2225 657 2290 approbet:
694 2225 849 2288 sperat
864 2258 875 2278 ,
898 2239 960 2271 ne
980 2225 1060 2273 vel
1078 2225 1198 2279 suas,
1221 2239 1307 2275 aut
1324 2227 1504 2274 alienas
1532 2226 1656 2273 vires
1680 2225 1825 2287 igno-

74 2291 296 2347 rare,vel
319 2291 634 2355 promittenti
662 2288 819 2337 fidem
842 2288 1084 2351 abrogare
1106 2289 1351 2338 videatur:
1389 2291 1440 2337 in
1461 2289 1710 2337 contraria
1729 2287 1824 2335 fer-

73 2371 178 2411 tur,
199 2367 254 2405 ut
280 2354 504 2403 melioris
535 2354 681 2417 optio
705 2353 888 2415 rationi
921 2353 1244 2414 relinquatur,
1273 2357 1322 2404 ὃς
1345 2352 1572 2401 libertati.
1657 2350 1822 2400 Addo

74 2434 324 2470 annexam
353 2417 470 2466 huic
499 2428 909 2481 temperamento
948 2416 1234 2479 longaevam
1268 2420 1427 2467 vitam
1450 2449 1463 2470 ,
1499 2431 1655 2478 quam
1683 2415 1822 2462 Ada-

74 2500 218 2538 mus,
250 2484 402 2531 etiam
432 2483 484 2529 in
506 2480 686 2529 sudore
715 2477 906 2532 vultus,
943 2479 1005 2526 ad
1036 2495 1196 2530 annos
1225 2487 1532 2545 nongentos,
1551 2483 1600 2530 ὅ(
1621 2479 1822 2542 triginta

76 2548 346 2617 protraxit5
382 2542 584 2598 ulterius
611 2541 919 2609 protraxisset
951 2539 1201 2658 {hg-istus,
1227 2543 1430 2609 ejusque
1450 2545 1688 2609 Virginea
1711 2541 1823 2592 Ma-

1086 2620 1110 2666 3
1667 2617 1758 2662 ter,
