2160 2916
635 97 770 159 Scylla
802 108 933 161 atque
964 96 1198 163 Charybdis
1658 107 1744 144 101

63 181 307 245 cavallis,
327 185 586 254 phonasco
604 189 750 240 nullo
770 203 1124 257 comparente,
1144 193 1195 240 in
1217 204 1402 257 campo
1420 190 1582 242 libero
1602 187 1814 241 adorna-

65 251 157 303 bis.
222 254 275 304 Si
295 255 473 304 altiore
495 249 523 302 ὲ
543 252 763 320 specula,
787 254 972 304 fraudis
997 254 1098 304 five
1128 257 1385 318 ignarum,
1410 255 1509 305 five
1537 257 1814 305 immemo-

64 331 175 366 rem
189 351 203 368 ‚
224 315 420 366 cursum
441 312 601 365 sistere
621 317 787 372 jubeas
801 350 814 372 ‚
843 333 973 367 voce
994 316 1129 381 quasi
1156 316 1353 367 coelitus
1382 315 1605 383 delapsa,
1626 318 1689 366 ad
1710 332 1814 367 me-

62 379 247 429 liorem
264 379 461 450 frugem
484 380 726 428 animabis
749 383 1048 434 attonitum,
1071 380 1192 437 ioco
1214 380 1364 435 serio,
1389 380 1423 429 fi
1448 396 1558 429 non
1578 382 1811 430 invitum.

64 443 187 493 Haec
211 456 387 490 omnia
415 442 556 491 velut
584 442 811 507 prodigia
827 476 840 498 ‚
864 443 985 493 cum
1017 441 1178 508 stupet
1202 444 1379 492 rudior
1411 444 1667 509 popellus,
1689 443 1819 492 ridet

61 502 422 569 Philosophus:
456 504 544 553 scit
564 507 701 554 enim
723 507 1058 562 causam‚soni
1081 507 1261 556 seilicet
1278 505 1633 560 intentionem,
1648 519 1820 556 ortam

63 568 128 617 ab
155 567 278 616 ae'ris
302 565 600 617 reflexione:
645 583 765 618 nam
800 568 920 619 cum
945 570 1096 619 sonus
1120 568 1431 620 diffundatur
1466 571 1518 617 in
1546 568 1817 633 sphaeram,

61 630 114 679 in
132 629 380 688 ejusmodi
396 630 639 680 machinis
657 630 721 680 ad
738 631 925 698 singula
943 633 1095 682 latera
1113 632 1287 688 allisus⁷
1300 632 1466 684 vocali
1492 634 1635 682 radio
1657 631 1816 697 dupli-

61 695 184 742 citer
199 692 417 757 flagellat
435 709 626 749 aurem,
641 694 832 744 diresto
852 695 995 745 fimul
1009 699 1059 746 ὅ(
1075 695 1291 745 reflexo:
1328 695 1451 759 quid
1468 710 1590 760 ergo
1609 697 1819 750 mirum,

61 755 97 806 si
116 759 188 807 vis
211 755 480 813 coniuneta
499 757 683 807 sonum
701 758 882 808 efficiat
905 759 1200 808 fortiorem?
1234 758 1352 807 hinc
1371 756 1681 808 econtrario
1704 774 1819 808 mu-

62 823 103 869 ri
131 816 487 885 peristromatis
509 821 624 869 teffi
645 819 938 871 obtundunt
956 838 1126 874 voces,
1132 822 1312 887 pluviae
1328 825 1378 873 ὃς
1397 824 1537 872 nives
1555 835 1821 886 campana-

63 899 181 934 rum
206 883 499 946 clangorem
521 886 783 949 minuuntj
805 886 1028 950 planities
1047 885 1207 934 libero
1226 886 1328 935 ae'ri
1345 884 1580 949 expolita,
1599 887 1821 949 recipro-

66 962 156 997 cos
183 945 336 994 sonos
355 960 617 1008 nunquam
639 961 955 1021 progenerat,
975 952 1024 1000 ὅ(
1045 948 1281 1012 frequens
1298 948 1499 1000 auditor
1519 958 1819 997 contentam

66 1009 390 1058 declamantis
404 1024 588 1057 vocem
615 1026 773 1075 prope
792 1012 949 1060 elidit:
986 1015 1101 1076 quia
1121 1026 1307 1077 nempe
1326 1010 1568 1066 sonus,his
1592 1009 1819 1069 objectis,

65 1074 145 1123 vel
171 1070 503 1135 languescens,
527 1073 606 1122 vel
636 1072 857 1124 omnino
880 1074 1136 1140 absorptus
1151 1107 1165 1130 ‚
1191 1074 1403 1139 amplius
1422 1074 1608 1124 refleffi
1624 1075 1815 1136 nequit.

190 1135 348 1180 MEL:
414 1133 621 1184 Reflexe
648 1149 703 1184 tu
725 1134 837 1191 ista,
864 1135 919 1185 ni
947 1139 1123 1187 fallor:
1167 1140 1379 1187 oculum
1416 1138 1631 1187 intendis
1662 1137 1821 1201 depri-

65 1198 352 1260 mere,quia
369 1196 551 1246 sonum
570 1210 673 1246 tam
693 1196 957 1249 artificiose
979 1199 1208 1249 intendis.
1280 1200 1380 1251 Sed
1402 1200 1609 1250 recurris
1631 1200 1696 1248 ad
1715 1213 1821 1248 ma-

68 1261 288 1310 chinam.
361 1257 521 1324 Qod
541 1260 576 1308 si
599 1261 661 1309 ab
683 1262 925 1311 artefastis
954 1262 1143 1313 laudari
1167 1264 1346 1314 oculus
1377 1262 1550 1328 postit.
1571 1261 1821 1326 hydrauli-

69 1339 190 1373 cum
221 1321 377 1387 aspice
412 1322 693 1388 syphonem
712 1358 726 1376 ,
756 1324 895 1373 dabit
926 1322 1016 1374 iste
1042 1326 1376 1389 spestaculum
1396 1326 1556 1376 Coelo
1585 1326 1815 1390 dignum.

69 1387 256 1436 Itidem
278 1385 341 1434 de
364 1386 521 1435 Coelo
543 1386 751 1450 lapsam,
771 1388 824 1435 in
854 1403 1029 1436 arcum
1058 1388 1364 1438 imbrificum
1391 1421 1404 1443 ‚
1435 1389 1532 1454 ipsa
1553 1390 1694 1447 Juno
1722 1384 1818 1437 stu-

67 1449 309 1514 pesceret,
331 1447 461 1497 adeo
483 1450 610 1497 mira
633 1449 873 1497 colorum
893 1452 1098 1499 varietas
1121 1452 1332 1500 oculum
1354 1464 1486 1500 extra
1509 1452 1719 1501 oculum
1745 1465 1819 1499 ra-

68 1515 154 1577 pit.
254 1510 394 1576 Quid
432 1511 598 1559 dicam
629 1511 692 1558 de
716 1513 1085 1578 microseopio?
1129 1515 1197 1563 nil
1244 1516 1295 1563 in
1327 1511 1421 1563 isto
1457 1517 1698 1579 reperitur
1723 1516 1820 1563 exi-

66 1589 224 1638 guum
238 1606 253 1628 ‚
273 1586 446 1636 praeter
465 1589 662 1622 nomen
690 1577 740 1624 &
762 1576 989 1624 molem:
1023 1591 1144 1626 nam
1171 1578 1238 1625 nil
1266 1590 1371 1625 tam
1391 1579 1625 1640 exiguum
1640 1611 1653 1632 ‚
1674 1576 1820 1640 quod

69 1652 178 1685 non
203 1636 380 1685 reddat
399 1637 668 1686 eximium:
703 1638 773 1685 nil
796 1650 901 1686 tam
922 1654 1134 1704 parvum
1150 1672 1165 1695 ‚
1191 1641 1336 1703 quod
1364 1642 1523 1689 oculo
1553 1655 1665 1689 non
1687 1638 1819 1688 exhi-

70 1699 185 1748 beat
203 1714 471 1763 magnum:
508 1701 577 1748 nil
596 1702 646 1747 in
666 1711 839 1749 natura
861 1699 931 1750 est
958 1714 1064 1750 tam
1085 1703 1521 1767 occultun1‚quod
1539 1718 1647 1752 non
1668 1703 1817 1752 faciat

72 1763 281 1811 oculatis
303 1775 557 1827 apertum:
595 1763 694 1836 ipse
715 1764 895 1812 oculus
915 1780 1072 1814 caecus
1102 1766 1264 1821 foret,
1284 1766 1370 1815 nifi
1393 1767 1522 1816 duce
1545 1767 1818 1815 microsco·

30 1859 32 1861 -
71 1827 158 1892 pio
177 1837 415 1874 uteretur.
511 1827 663 1874 Certe
689 1839 922 1875 naturam
955 1828 1253 1877 invisibilem
1283 1827 1550 1882 haetenus,
1574 1829 1817 1877 visibilem

71 1887 313 1944 reddidit,
334 1886 561 1952 dumque
581 1888 826 1951 prodidit,
848 1889 967 1938 fecit
983 1891 1266 1940 mirabilem
1282 1924 1297 1944 ‚
1318 1893 1370 1940 in
1390 1893 1488 1955 ipsa
1513 1891 1675 1940 fidum
1701 1906 1817 1955 pro-

73 1950 283 2000 ditione.
364 1951 463 2000 Sed
484 1950 606 2000 nihil
625 1951 896 2001 mirabilius
920 1952 1039 2000 fecit
1056 1951 1103 2000 se
1122 1953 1254 2017 ipso:
1289 1958 1572 2002 maximum
1601 1956 1650 2002 in
1671 1955 1819 2002 mini-

73 2029 190 2062 mo:
239 2029 361 2063 nam
389 2014 647 2072 objectum
682 2014 882 2078 vigesies
911 2015 1091 2062 millies
1130 2015 1290 2072 maius
1316 2016 1443 2066 facit⁴
1473 2017 1519 2064 se
1545 2016 1676 2081 ipso:
1713 2015 1821 2066 for·-

75 2088 182 2125 mat
201 2077 529 2142 Elephantem
553 2093 613 2126 ex
631 2080 798 2126 musca
815 2094 828 2129 ς
862 2077 1048 2142 pulices
1068 2078 1229 2126 reddit
1251 2076 1476 2128 monstra
1493 2113 1505 2133 ,
1525 2079 1649 2128 dum
1666 2094 1819 2128 mon-

77 2135 229 2191 strat3
285 2153 490 2189 motum
525 2138 712 2189 sistoles
739 2143 790 2189 in
829 2141 990 2205 pulice
1035 2140 1256 2195 exhibet,
1279 2139 1626 2206 sanguinisque
1654 2144 1704 2190 in
1734 2158 1818 2191 ve·

78 2203 152 2249 nis
207 2202 402 2251 cursum
434 2221 446 2249 z
518 2202 628 2252 imo
678 2205 766 2252 illo
822 2203 959 2252 vides
1009 2204 1271 2268 spirantem
1295 2238 1308 2259 ‚
1373 2209 1422 2255 &
1459 2205 1778 2269 respirantem
1801 2224 1811 2252 :

78 2261 224 2327 quod
250 2263 286 2312 fi
312 2264 548 2314 tubulum
574 2268 678 2314 auri
709 2277 875 2332 aptare
904 2265 1086 2330 posses,
1113 2266 1170 2315 ut
1196 2269 1371 2322 oculo,
1397 2268 1501 2317 fors
1531 2267 1818 2320 tuffientem
1839 2326 1844 2329 ,

76 2341 288 2438 guoque
314 2328 524 2376 audires.
644 2331 799 2391 Miras
829 2327 1063 2393 profesto
1097 2332 1414 2395 experientias
1444 2333 1683 2396 legimus,
1708 2343 1824 2394 quae·

115 2388 232 2438 dem
258 2405 366 2439 non
399 2391 621 2440 facerent
641 2424 655 2446 ‚
687 2392 774 2441 nifi
802 2393 958 2442 fidem
994 2393 1084 2441 illis
1111 2393 1330 2443 facerent
1349 2394 1638 2448 Aridior-es,
1671 2395 1818 2443 omni

75 2452 178 2518 fide
207 2451 484 2517 dignissimi.
567 2456 792 2505 Sturmio
819 2456 922 2505 hoc
950 2455 1179 2505 divinum
1213 2459 1480 2507 inventum
1511 2455 1727 2506 ostendit
1763 2459 1818 2504 in

74 2516 238 2569 ovulo
259 2532 444 2575 erucae,
474 2533 657 2570 omnes
687 2519 965 2636 corpuseiiqli
995 2531 1179 2583 partes:
1229 2520 1317 2573 has
1345 2521 1466 2589 ipsas
1487 2522 1749 2589 Malpigio'
1764 2520 1819 2568 in

999 2595 1023 2642 3
1662 2596 1755 2632 ova
