<?xml version="1.0" encoding="UTF-8"?>
<!DOCTYPE html PUBLIC "-//W3C//DTD XHTML 1.0 Transitional//EN"
    "http://www.w3.org/TR/xhtml1/DTD/xhtml1-transitional.dtd">
<html xmlns="http://www.w3.org/1999/xhtml" xml:lang="en" lang="en">
 <head>
  <title>
</title>
<meta http-equiv="Content-Type" content="text/html;charset=utf-8" />
  <meta name='ocr-system' content='tesseract 3.04.00' />
  <meta name='ocr-capabilities' content='ocr_page ocr_carea ocr_par ocr_line ocrx_word'/>
</head>
<body>
  <div class='ocr_page' id='page_1' title='image "./peripateticusnos00sch_0260.png"; bbox 0 0 2177 2905; ppageno 0'>
   <div class='ocr_carea' id='block_1_1' title="bbox 51 807 245 917">
    <p class='ocr_par' dir='ltr' id='par_1_1' title="bbox 51 807 245 917">
     <span class='ocr_line' id='line_1_1' title="bbox 51 807 239 862; baseline -0.005 -10"><span class='ocrx_word' id='word_1_1' title='bbox 51 808 95 852; x_wconf 82' lang='lat' dir='ltr'>S.</span> <span class='ocrx_word' id='word_1_2' title='bbox 123 807 239 862; x_wconf 81' lang='lat' dir='ltr'>Aug.</span> 
     </span>
     <span class='ocr_line' id='line_1_2' title="bbox 53 872 245 917; baseline 0.005 -1"><span class='ocrx_word' id='word_1_3' title='bbox 53 872 97 916; x_wconf 76' lang='lat' dir='ltr'>S.</span> <span class='ocrx_word' id='word_1_4' title='bbox 115 873 245 917; x_wconf 86' lang='lat' dir='ltr'>Bern.</span> 
     </span>
    </p>
   </div>
   <div class='ocr_carea' id='block_1_2' title="bbox 365 66 1344 131">
    <p class='ocr_par' dir='ltr' id='par_1_2' title="bbox 365 66 1344 131">
     <span class='ocr_line' id='line_1_3' title="bbox 365 66 1344 131; baseline 0 -11"><span class='ocrx_word' id='word_1_5' title='bbox 365 83 464 128; x_wconf 88' lang='lat'>224</span> <span class='ocrx_word' id='word_1_6' title='bbox 697 111 701 114; x_wconf 95' lang='lat'>.</span> <span class='ocrx_word' id='word_1_7' title='bbox 979 71 1127 131; x_wconf 73' lang='lat' dir='ltr'>Janm</span> <span class='ocrx_word' id='word_1_8' title='bbox 1155 66 1344 131; x_wconf 72' lang='lat' dir='ltr'>Bifrons.</span> 
     </span>
    </p>
   </div>
   <div class='ocr_carea' id='block_1_3' title="bbox 296 160 2046 357">
    <p class='ocr_par' dir='ltr' id='par_1_3' title="bbox 296 160 2046 357">
     <span class='ocr_line' id='line_1_4' title="bbox 296 160 2041 222; baseline 0.002 -6"><span class='ocrx_word' id='word_1_9' title='bbox 296 165 455 216; x_wconf 87' lang='lat' dir='ltr'>sentes</span> <span class='ocrx_word' id='word_1_10' title='bbox 484 162 720 214; x_wconf 88' lang='lat' dir='ltr'>voluntas</span> <span class='ocrx_word' id='word_1_11' title='bbox 752 160 984 213; x_wconf 87' lang='lat' dir='ltr'>nolendo</span> <span class='ocrx_word' id='word_1_12' title='bbox 1008 163 1127 214; x_wconf 88' lang='lat' dir='ltr'>facit</span> <span class='ocrx_word' id='word_1_13' title='bbox 1147 164 1358 217; x_wconf 70' lang='lat' dir='ltr'>sentires</span> <span class='ocrx_word' id='word_1_14' title='bbox 1409 163 1543 214; x_wconf 83' lang='lat' dir='ltr'>acuit</span> <span class='ocrx_word' id='word_1_15' title='bbox 1562 196 1576 219; x_wconf 91' lang='lat'>,</span> <span class='ocrx_word' id='word_1_16' title='bbox 1610 163 1740 215; x_wconf 88' lang='lat' dir='ltr'>dum</span> <span class='ocrx_word' id='word_1_17' title='bbox 1763 166 2041 222; x_wconf 67' lang='lat' dir='ltr'>aversatum</span> 
     </span>
     <span class='ocr_line' id='line_1_5' title="bbox 297 224 2044 295; baseline 0.002 -16"><span class='ocrx_word' id='word_1_18' title='bbox 297 226 536 281; x_wconf 85' lang='lat' dir='ltr'>intendit,</span> <span class='ocrx_word' id='word_1_19' title='bbox 571 225 698 275; x_wconf 89' lang='lat' dir='ltr'>dum</span> <span class='ocrx_word' id='word_1_20' title='bbox 719 224 895 276; x_wconf 71' lang='lat' dir='ltr'>frustra</span> <span class='ocrx_word' id='word_1_21' title='bbox 923 227 1096 292; x_wconf 86' lang='lat' dir='ltr'>fugere</span> <span class='ocrx_word' id='word_1_22' title='bbox 1115 229 1302 277; x_wconf 86' lang='lat' dir='ltr'>nititur.</span> <span class='ocrx_word' id='word_1_23' title='bbox 1425 229 1708 279; x_wconf 67' lang='lat' dir='ltr'>Intellectus</span> <span class='ocrx_word' id='word_1_24' title='bbox 1727 231 2044 295; x_wconf 88' lang='lat' dir='ltr'>praesentibus</span> 
     </span>
     <span class='ocr_line' id='line_1_6' title="bbox 296 288 2046 357; baseline 0.003 -17"><span class='ocrx_word' id='word_1_25' title='bbox 296 291 455 355; x_wconf 83' lang='lat' dir='ltr'>jungit</span> <span class='ocrx_word' id='word_1_26' title='bbox 474 289 673 339; x_wconf 86' lang='lat' dir='ltr'>futuros</span> <span class='ocrx_word' id='word_1_27' title='bbox 700 322 714 345; x_wconf 93' lang='lat'>,</span> <span class='ocrx_word' id='word_1_28' title='bbox 761 288 992 354; x_wconf 77' lang='lat' dir='ltr'>dumque</span> <span class='ocrx_word' id='word_1_29' title='bbox 1021 307 1131 341; x_wconf 91' lang='lat' dir='ltr'>non</span> <span class='ocrx_word' id='word_1_30' title='bbox 1152 293 1339 357; x_wconf 86' lang='lat' dir='ltr'>poterit</span> <span class='ocrx_word' id='word_1_31' title='bbox 1367 306 1480 340; x_wconf 89' lang='lat' dir='ltr'>non</span> <span class='ocrx_word' id='word_1_32' title='bbox 1512 292 1761 343; x_wconf 88' lang='lat' dir='ltr'>obversari</span> <span class='ocrx_word' id='word_1_33' title='bbox 1784 293 1891 344; x_wconf 87' lang='lat' dir='ltr'>haec</span> <span class='ocrx_word' id='word_1_34' title='bbox 1919 298 2046 346; x_wconf 88' lang='lat' dir='ltr'>veri-</span> 
     </span>
    </p>
   </div>
   <div class='ocr_carea' id='block_1_4' title="bbox 281 352 2046 417">
    <p class='ocr_par' dir='ltr' id='par_1_4' title="bbox 281 352 2046 417">
     <span class='ocr_line' id='line_1_7' title="bbox 281 352 2046 417; baseline 0.005 -17"><span class='ocrx_word' id='word_1_35' title='bbox 281 368 369 404; x_wconf 32' lang='lat' dir='ltr'>‘tas</span> <span class='ocrx_word' id='word_1_36' title='bbox 386 386 399 408; x_wconf 92' lang='lat'>,</span> <span class='ocrx_word' id='word_1_37' title='bbox 434 352 651 400; x_wconf 78' lang='lat' dir='ltr'>durabunt</span> <span class='ocrx_word' id='word_1_38' title='bbox 667 353 824 415; x_wconf 60' lang='lat' dir='ltr'>{cmper</span> <span class='ocrx_word' id='word_1_39' title='bbox 838 390 850 407; x_wconf 95' lang='lat'>‚</span> <span class='ocrx_word' id='word_1_40' title='bbox 879 355 1090 414; x_wconf 76' lang='lat' dir='ltr'>finientur</span> <span class='ocrx_word' id='word_1_41' title='bbox 1110 371 1346 417; x_wconf 79' lang='lat' dir='ltr'>nunquam,</span> <span class='ocrx_word' id='word_1_42' title='bbox 1383 356 1436 403; x_wconf 88' lang='lat' dir='ltr'>in</span> <span class='ocrx_word' id='word_1_43' title='bbox 1450 370 1717 407; x_wconf 84' lang='lat' dir='ltr'>momenta</span> <span class='ocrx_word' id='word_1_44' title='bbox 1729 358 1879 408; x_wconf 83' lang='lat' dir='ltr'>faciet</span> <span class='ocrx_word' id='word_1_45' title='bbox 1894 359 2046 408; x_wconf 89' lang='lat' dir='ltr'>dolo-</span> 
     </span>
    </p>
   </div>
   <div class='ocr_carea' id='block_1_5' title="bbox 296 416 2057 2624">
    <p class='ocr_par' dir='ltr' id='par_1_5' title="bbox 296 416 2052 1100">
     <span class='ocr_line' id='line_1_8' title="bbox 297 416 2044 483; baseline 0.003 -15"><span class='ocrx_word' id='word_1_46' title='bbox 297 433 373 468; x_wconf 83' lang='lat' dir='ltr'>res</span> <span class='ocrx_word' id='word_1_47' title='bbox 391 416 567 465; x_wconf 89' lang='lat' dir='ltr'>sentire</span> <span class='ocrx_word' id='word_1_48' title='bbox 592 429 825 467; x_wconf 85' lang='lat' dir='ltr'>aeternos.</span> <span class='ocrx_word' id='word_1_49' title='bbox 894 418 994 467; x_wconf 85' lang='lat' dir='ltr'>Sed</span> <span class='ocrx_word' id='word_1_50' title='bbox 1014 422 1266 483; x_wconf 79' lang='lat' dir='ltr'>praetcritae</span> <span class='ocrx_word' id='word_1_51' title='bbox 1292 422 1401 468; x_wconf 82' lang='lat' dir='ltr'>vitae</span> <span class='ocrx_word' id='word_1_52' title='bbox 1424 422 1678 471; x_wconf 86' lang='lat' dir='ltr'>memoria</span> <span class='ocrx_word' id='word_1_53' title='bbox 1693 420 1768 470; x_wconf 89' lang='lat' dir='ltr'>his</span> <span class='ocrx_word' id='word_1_54' title='bbox 1792 423 2044 473; x_wconf 86' lang='lat' dir='ltr'>omnibus</span> 
     </span>
     <span class='ocr_line' id='line_1_9' title="bbox 297 478 2047 548; baseline 0.003 -18"><span class='ocrx_word' id='word_1_55' title='bbox 297 481 568 530; x_wconf 90' lang='lat' dir='ltr'>cumulum</span> <span class='ocrx_word' id='word_1_56' title='bbox 593 480 744 530; x_wconf 85' lang='lat' dir='ltr'>addet</span> <span class='ocrx_word' id='word_1_57' title='bbox 765 514 779 535; x_wconf 92' lang='lat'>,</span> <span class='ocrx_word' id='word_1_58' title='bbox 815 478 868 530; x_wconf 77' lang='lat' dir='ltr'>ni</span> <span class='ocrx_word' id='word_1_59' title='bbox 893 482 1222 532; x_wconf 87' lang='lat' dir='ltr'>vehementer</span> <span class='ocrx_word' id='word_1_60' title='bbox 1247 482 1396 531; x_wconf 80' lang='lat' dir='ltr'>fallor</span> <span class='ocrx_word' id='word_1_61' title='bbox 1418 515 1431 537; x_wconf 92' lang='lat'>,</span> <span class='ocrx_word' id='word_1_62' title='bbox 1466 485 1851 548; x_wconf 85' lang='lat' dir='ltr'>propemodum</span> <span class='ocrx_word' id='word_1_63' title='bbox 1882 485 2047 536; x_wconf 86' lang='lat' dir='ltr'>infini-</span> 
     </span>
     <span class='ocr_line' id='line_1_10' title="bbox 296 544 2048 608; baseline 0.003 -15"><span class='ocrx_word' id='word_1_64' title='bbox 296 556 425 594; x_wconf 89' lang='lat' dir='ltr'>tum.</span> <span class='ocrx_word' id='word_1_65' title='bbox 496 546 549 595; x_wconf 91' lang='lat' dir='ltr'>N</span> <span class='ocrx_word' id='word_1_66' title='bbox 555 560 661 608; x_wconf 84' lang='lat' dir='ltr'>ugae</span> <span class='ocrx_word' id='word_1_67' title='bbox 682 544 818 598; x_wconf 88' lang='lat' dir='ltr'>sunt,</span> <span class='ocrx_word' id='word_1_68' title='bbox 842 544 988 607; x_wconf 90' lang='lat' dir='ltr'>quod</span> <span class='ocrx_word' id='word_1_69' title='bbox 1008 545 1071 592; x_wconf 90' lang='lat' dir='ltr'>de</span> <span class='ocrx_word' id='word_1_70' title='bbox 1087 545 1286 594; x_wconf 85' lang='lat' dir='ltr'>Letheo</span> <span class='ocrx_word' id='word_1_71' title='bbox 1310 544 1519 595; x_wconf 87' lang='lat' dir='ltr'>flumine</span> <span class='ocrx_word' id='word_1_72' title='bbox 1542 547 1768 598; x_wconf 86' lang='lat' dir='ltr'>fabulosa</span> <span class='ocrx_word' id='word_1_73' title='bbox 1779 548 1920 598; x_wconf 87' lang='lat' dir='ltr'>finxit</span> <span class='ocrx_word' id='word_1_74' title='bbox 1936 550 2048 602; x_wconf 90' lang='lat' dir='ltr'>An-</span> 
     </span>
     <span class='ocr_line' id='line_1_11' title="bbox 299 607 2049 676; baseline 0.004 -20"><span class='ocrx_word' id='word_1_75' title='bbox 299 608 524 671; x_wconf 80' lang='lat' dir='ltr'>tiquitas:</span> <span class='ocrx_word' id='word_1_76' title='bbox 560 607 848 662; x_wconf 83' lang='lat' dir='ltr'>facultates,</span> <span class='ocrx_word' id='word_1_77' title='bbox 889 623 1011 671; x_wconf 86' lang='lat' dir='ltr'>quas</span> <span class='ocrx_word' id='word_1_78' title='bbox 1033 608 1170 657; x_wconf 87' lang='lat' dir='ltr'>dedit</span> <span class='ocrx_word' id='word_1_79' title='bbox 1190 621 1392 664; x_wconf 83' lang='lat' dir='ltr'>natura,</span> <span class='ocrx_word' id='word_1_80' title='bbox 1433 626 1542 659; x_wconf 86' lang='lat' dir='ltr'>non</span> <span class='ocrx_word' id='word_1_81' title='bbox 1562 613 1733 676; x_wconf 88' lang='lat' dir='ltr'>eripiet</span> <span class='ocrx_word' id='word_1_82' title='bbox 1756 628 1905 663; x_wconf 84' lang='lat' dir='ltr'>orcus</span> <span class='ocrx_word' id='word_1_83' title='bbox 1926 649 1940 666; x_wconf 89' lang='lat'>‚</span> <span class='ocrx_word' id='word_1_84' title='bbox 1976 610 2049 663; x_wconf 89' lang='lat' dir='ltr'>est</span> 
     </span>
     <span class='ocr_line' id='line_1_12' title="bbox 297 670 2047 736; baseline 0.003 -16"><span class='ocrx_word' id='word_1_85' title='bbox 297 670 405 720; x_wconf 86' lang='lat' dir='ltr'>haec</span> <span class='ocrx_word' id='word_1_86' title='bbox 424 672 695 720; x_wconf 89' lang='lat' dir='ltr'>clementia</span> <span class='ocrx_word' id='word_1_87' title='bbox 714 670 926 721; x_wconf 84' lang='lat' dir='ltr'>crudelis</span> <span class='ocrx_word' id='word_1_88' title='bbox 948 704 961 725; x_wconf 92' lang='lat'>,</span> <span class='ocrx_word' id='word_1_89' title='bbox 996 672 1061 721; x_wconf 83' lang='lat' dir='ltr'>ad</span> <span class='ocrx_word' id='word_1_90' title='bbox 1079 674 1364 736; x_wconf 83' lang='lat' dir='ltr'>augendam</span> <span class='ocrx_word' id='word_1_91' title='bbox 1379 706 1391 729; x_wconf 86' lang='lat'>,</span> <span class='ocrx_word' id='word_1_92' title='bbox 1411 689 1520 723; x_wconf 91' lang='lat' dir='ltr'>non</span> <span class='ocrx_word' id='word_1_93' title='bbox 1543 676 1875 729; x_wconf 85' lang='lat' dir='ltr'>minuendam</span> <span class='ocrx_word' id='word_1_94' title='bbox 1889 679 2047 726; x_wconf 87' lang='lat' dir='ltr'>inten-</span> 
     </span>
     <span class='ocr_line' id='line_1_13' title="bbox 299 735 2046 801; baseline 0.003 -18"><span class='ocrx_word' id='word_1_95' title='bbox 299 747 350 783; x_wconf 86' lang='lat' dir='ltr'>ta</span> <span class='ocrx_word' id='word_1_96' title='bbox 370 735 726 798; x_wconf 65' lang='lat' dir='ltr'>calamitatem.</span> <span class='ocrx_word' id='word_1_97' title='bbox 827 736 1048 788; x_wconf 82' lang='lat' dir='ltr'>Scilicet,</span> <span class='ocrx_word' id='word_1_98' title='bbox 1063 738 1171 799; x_wconf 76' lang='lat' dir='ltr'>quod</span> <span class='ocrx_word' id='word_1_99' title='bbox 1192 739 1526 784; x_wconf 55' lang='lat' dir='ltr'>mandzt-zcverat</span> <span class='ocrx_word' id='word_1_100' title='bbox 1559 740 1669 799; x_wconf 81' lang='lat' dir='ltr'>apud</span> <span class='ocrx_word' id='word_1_101' title='bbox 1688 744 1867 801; x_wconf 79' lang='lat' dir='ltr'>Superos</span> <span class='ocrx_word' id='word_1_102' title='bbox 1890 742 2011 800; x_wconf 83' lang='lat' dir='ltr'>epulo</span> <span class='ocrx_word' id='word_1_103' title='bbox 2029 773 2046 795; x_wconf 91' lang='lat'>,</span> 
     </span>
     <span class='ocr_line' id='line_1_14' title="bbox 302 796 2045 868; baseline 0.005 -24"><span class='ocrx_word' id='word_1_104' title='bbox 302 800 412 859; x_wconf 82' lang='lat' dir='ltr'>apud</span> <span class='ocrx_word' id='word_1_105' title='bbox 442 796 603 857; x_wconf 77' lang='lat' dir='ltr'>inferos</span> <span class='ocrx_word' id='word_1_106' title='bbox 625 797 846 858; x_wconf 79' lang='lat' dir='ltr'>digerebat</span> <span class='ocrx_word' id='word_1_107' title='bbox 870 817 882 844; x_wconf 90' lang='lat'><em>:</em></span> <span class='ocrx_word' id='word_1_108' title='bbox 933 815 1055 847; x_wconf 88' lang='lat' dir='ltr'>nam</span> <span class='ocrx_word' id='word_1_109' title='bbox 1080 797 1135 853; x_wconf 70' lang='lat' dir='ltr'>iit</span> <span class='ocrx_word' id='word_1_110' title='bbox 1152 815 1261 848; x_wconf 91' lang='lat' dir='ltr'>non</span> <span class='ocrx_word' id='word_1_111' title='bbox 1288 800 1388 848; x_wconf 80' lang='lat' dir='ltr'>sine</span> <span class='ocrx_word' id='word_1_112' title='bbox 1418 802 1597 850; x_wconf 87' lang='lat' dir='ltr'>aculeo</span> <span class='ocrx_word' id='word_1_113' title='bbox 1625 802 1753 868; x_wconf 76' lang='lat' dir='ltr'>Apis</span> <span class='ocrx_word' id='word_1_114' title='bbox 1776 803 2045 854; x_wconf 84' lang='lat' dir='ltr'>melliflua:</span> 
     </span>
     <span class='ocr_line' id='line_1_15' title="bbox 301 861 2049 923; baseline 0.002 -13"><span class='ocrx_word' id='word_1_115' title='bbox 301 861 560 921; x_wconf 78' lang='lat' dir='ltr'>transterunt</span> <span class='ocrx_word' id='word_1_116' title='bbox 584 865 808 922; x_wconf 71' lang='lat' dir='ltr'>praeterita</span> <span class='ocrx_word' id='word_1_117' title='bbox 828 897 842 914; x_wconf 89' lang='lat'><em>‚</em></span> <span class='ocrx_word' id='word_1_118' title='bbox 869 879 942 908; x_wconf 85' lang='lat' dir='ltr'>nec</span> <span class='ocrx_word' id='word_1_119' title='bbox 969 862 1225 922; x_wconf 75' lang='lat' dir='ltr'>transierunt</span> <span class='ocrx_word' id='word_1_120' title='bbox 1247 881 1259 908; x_wconf 91' lang='lat'>.·</span> <span class='ocrx_word' id='word_1_121' title='bbox 1297 863 1554 921; x_wconf 77' lang='lat' dir='ltr'>transterunt</span> <span class='ocrx_word' id='word_1_122' title='bbox 1574 863 1602 910; x_wconf 69' lang='grc' dir='ltr'><em>ὰ</em></span> <span class='ocrx_word' id='word_1_123' title='bbox 1622 880 1752 911; x_wconf 72' lang='lat' dir='ltr'>mann</span> <span class='ocrx_word' id='word_1_124' title='bbox 1771 896 1786 919; x_wconf 88' lang='lat'>,</span> <span class='ocrx_word' id='word_1_125' title='bbox 1808 866 1885 923; x_wconf 86' lang='lat' dir='ltr'>sed</span> <span class='ocrx_word' id='word_1_126' title='bbox 1910 883 1992 912; x_wconf 85' lang='lat' dir='ltr'>non</span> <span class='ocrx_word' id='word_1_127' title='bbox 2019 866 2049 914; x_wconf 76' lang='grc' dir='ltr'><em>ὰ</em></span> 
     </span>
     <span class='ocr_line' id='line_1_16' title="bbox 303 924 2052 988; baseline 0.001 -15"><span class='ocrx_word' id='word_1_128' title='bbox 303 938 445 973; x_wconf 79' lang='lat' dir='ltr'>mente</span> <span class='ocrx_word' id='word_1_129' title='bbox 465 944 478 971; x_wconf 93' lang='grc'>.·</span> <span class='ocrx_word' id='word_1_130' title='bbox 515 942 594 971; x_wconf 89' lang='lat' dir='ltr'>non</span> <span class='ocrx_word' id='word_1_131' title='bbox 619 927 730 971; x_wconf 85' lang='lat' dir='ltr'>enim</span> <span class='ocrx_word' id='word_1_132' title='bbox 753 924 951 985; x_wconf 77' lang='lat' dir='ltr'>transibit</span> <span class='ocrx_word' id='word_1_133' title='bbox 973 942 1066 971; x_wconf 76' lang='lat' dir='ltr'>cum</span> <span class='ocrx_word' id='word_1_134' title='bbox 1085 937 1298 986; x_wconf 82' lang='lat' dir='ltr'>tempore,</span> <span class='ocrx_word' id='word_1_135' title='bbox 1321 928 1427 988; x_wconf 72' lang='lat' dir='ltr'>quod</span> <span class='ocrx_word' id='word_1_136' title='bbox 1450 938 1644 986; x_wconf 74' lang='lat' dir='ltr'>tempora</span> <span class='ocrx_word' id='word_1_137' title='bbox 1663 925 1818 988; x_wconf 77' lang='lat' dir='ltr'>transit</span> <span class='ocrx_word' id='word_1_138' title='bbox 1832 950 1852 984; x_wconf 83' lang='lat'><em>;</em></span> <span class='ocrx_word' id='word_1_139' title='bbox 1874 932 1919 975; x_wconf 86' lang='lat' dir='ltr'>in</span> <span class='ocrx_word' id='word_1_140' title='bbox 1930 942 2052 976; x_wconf 61' lang='lat' dir='ltr'>ceter«.</span> 
     </span>
     <span class='ocr_line' id='line_1_17' title="bbox 303 986 2050 1052; baseline 0.002 -16"><span class='ocrx_word' id='word_1_141' title='bbox 303 1006 404 1036; x_wconf 84' lang='lat' dir='ltr'>num</span> <span class='ocrx_word' id='word_1_142' title='bbox 435 988 531 1049; x_wconf 73' lang='lat' dir='ltr'>ergb</span> <span class='ocrx_word' id='word_1_143' title='bbox 558 986 708 1048; x_wconf 70' lang='lat' dir='ltr'>neceffie</span> <span class='ocrx_word' id='word_1_144' title='bbox 741 988 795 1043; x_wconf 82' lang='lat' dir='ltr'>est</span> <span class='ocrx_word' id='word_1_145' title='bbox 830 992 1015 1040; x_wconf 74' lang='lat' dir='ltr'>cruciet,</span> <span class='ocrx_word' id='word_1_146' title='bbox 1052 990 1160 1052; x_wconf 81' lang='lat' dir='ltr'>quod</span> <span class='ocrx_word' id='word_1_147' title='bbox 1179 1000 1408 1050; x_wconf 80' lang='lat' dir='ltr'>perperam</span> <span class='ocrx_word' id='word_1_148' title='bbox 1436 1002 1480 1036; x_wconf 81' lang='lat' dir='ltr'>te</span> <span class='ocrx_word' id='word_1_149' title='bbox 1508 988 1625 1050; x_wconf 74' lang='lat' dir='ltr'>egtffi?</span> <span class='ocrx_word' id='word_1_150' title='bbox 1660 991 1906 1040; x_wconf 75' lang='lat' dir='ltr'>memineris</span> <span class='ocrx_word' id='word_1_151' title='bbox 1931 994 1978 1040; x_wconf 85' lang='lat' dir='ltr'>in</span> <span class='ocrx_word' id='word_1_152' title='bbox 1999 1008 2050 1040; x_wconf 55' lang='grc' dir='ltr'>Δ·</span> 
     </span>
     <span class='ocr_line' id='line_1_18' title="bbox 301 1066 488 1100; baseline -0.005 0"><span class='ocrx_word' id='word_1_153' title='bbox 301 1066 488 1100; x_wconf 83' lang='lat' dir='ltr'>ternum.</span> 
     </span>
    </p>

    <p class='ocr_par' dir='ltr' id='par_1_6' title="bbox 300 1115 2057 2383">
     <span class='ocr_line' id='line_1_19' title="bbox 428 1115 2049 1182; baseline 0.002 -17"><span class='ocrx_word' id='word_1_154' title='bbox 428 1115 628 1166; x_wconf 84' lang='lat' dir='ltr'><strong>LEUC:</strong></span> <span class='ocrx_word' id='word_1_155' title='bbox 698 1117 873 1180; x_wconf 86' lang='lat' dir='ltr'>Superi</span> <span class='ocrx_word' id='word_1_156' title='bbox 900 1117 911 1165; x_wconf 73' lang='grc' dir='ltr'><strong><em>Σ</em></strong></span> <span class='ocrx_word' id='word_1_157' title='bbox 957 1127 1200 1178; x_wconf 86' lang='lat' dir='ltr'>quantam</span> <span class='ocrx_word' id='word_1_158' title='bbox 1225 1115 1469 1165; x_wconf 86' lang='lat' dir='ltr'>dolorum</span> <span class='ocrx_word' id='word_1_159' title='bbox 1511 1116 1737 1182; x_wconf 82' lang='lat' dir='ltr'>abyssum</span> <span class='ocrx_word' id='word_1_160' title='bbox 1776 1116 1881 1166; x_wconf 83' lang='lat' dir='ltr'>haec</span> <span class='ocrx_word' id='word_1_161' title='bbox 1922 1117 2049 1169; x_wconf 89' lang='lat' dir='ltr'>mihi</span> 
     </span>
     <span class='ocr_line' id='line_1_20' title="bbox 302 1179 2048 1245; baseline 0.002 -16"><span class='ocrx_word' id='word_1_162' title='bbox 302 1179 457 1230; x_wconf 87' lang='lat' dir='ltr'>verba</span> <span class='ocrx_word' id='word_1_163' title='bbox 477 1179 770 1228; x_wconf 75' lang='lat' dir='ltr'>recludunt?</span> <span class='ocrx_word' id='word_1_164' title='bbox 808 1181 916 1241; x_wconf 85' lang='lat' dir='ltr'>quis</span> <span class='ocrx_word' id='word_1_165' title='bbox 935 1179 1240 1243; x_wconf 79' lang='lat' dir='ltr'>penetrabit,</span> <span class='ocrx_word' id='word_1_166' title='bbox 1278 1180 1433 1242; x_wconf 77' lang='lat' dir='ltr'>quam</span> <span class='ocrx_word' id='word_1_167' title='bbox 1454 1179 1510 1228; x_wconf 76' lang='lat' dir='ltr'>sit</span> <span class='ocrx_word' id='word_1_168' title='bbox 1521 1196 1687 1229; x_wconf 86' lang='lat' dir='ltr'>amara</span> <span class='ocrx_word' id='word_1_169' title='bbox 1709 1184 1963 1245; x_wconf 70' lang='lat' dir='ltr'>praeterita:</span> <span class='ocrx_word' id='word_1_170' title='bbox 1978 1184 2048 1233; x_wconf 86' lang='lat' dir='ltr'>vi-</span> 
     </span>
     <span class='ocr_line' id='line_1_21' title="bbox 300 1242 2048 1308; baseline 0.002 -16"><span class='ocrx_word' id='word_1_171' title='bbox 300 1256 361 1293; x_wconf 82' lang='lat' dir='ltr'>ta:</span> <span class='ocrx_word' id='word_1_172' title='bbox 377 1244 664 1291; x_wconf 77' lang='lat' dir='ltr'>memoria?</span> <span class='ocrx_word' id='word_1_173' title='bbox 762 1245 920 1290; x_wconf 79' lang='lat' dir='ltr'><em>MEL:</em></span> <span class='ocrx_word' id='word_1_174' title='bbox 1001 1243 1318 1292; x_wconf 78' lang='lat' dir='ltr'>Crediderim</span> <span class='ocrx_word' id='word_1_175' title='bbox 1343 1276 1355 1298; x_wconf 87' lang='lat'>,</span> <span class='ocrx_word' id='word_1_176' title='bbox 1401 1242 1547 1306; x_wconf 77' lang='lat' dir='ltr'>quod</span> <span class='ocrx_word' id='word_1_177' title='bbox 1572 1256 1746 1308; x_wconf 80' lang='lat' dir='ltr'>praeter</span> <span class='ocrx_word' id='word_1_178' title='bbox 1778 1245 2048 1296; x_wconf 83' lang='lat' dir='ltr'>damnatos</span> 
     </span>
     <span class='ocr_line' id='line_1_22' title="bbox 302 1302 2050 1372; baseline 0.001 -17"><span class='ocrx_word' id='word_1_179' title='bbox 302 1307 493 1356; x_wconf 89' lang='lat' dir='ltr'>nullus:</span> <span class='ocrx_word' id='word_1_180' title='bbox 532 1305 654 1369; x_wconf 91' lang='lat' dir='ltr'>quid</span> <span class='ocrx_word' id='word_1_181' title='bbox 675 1308 813 1355; x_wconf 91' lang='lat' dir='ltr'>enim</span> <span class='ocrx_word' id='word_1_182' title='bbox 833 1302 945 1370; x_wconf 88' lang='lat' dir='ltr'>post</span> <span class='ocrx_word' id='word_1_183' title='bbox 966 1304 1254 1356; x_wconf 82' lang='lat' dir='ltr'>combustas</span> <span class='ocrx_word' id='word_1_184' title='bbox 1267 1309 1318 1355; x_wconf 92' lang='lat' dir='ltr'>in</span> <span class='ocrx_word' id='word_1_185' title='bbox 1331 1323 1459 1356; x_wconf 84' lang='lat' dir='ltr'>orco</span> <span class='ocrx_word' id='word_1_186' title='bbox 1473 1307 1767 1356; x_wconf 69' lang='lat' dir='ltr'>saeculorun:</span> <span class='ocrx_word' id='word_1_187' title='bbox 1786 1310 2050 1372; x_wconf 83' lang='lat' dir='ltr'>myriades,</span> 
     </span>
     <span class='ocr_line' id='line_1_23' title="bbox 303 1369 2052 1435; baseline 0.001 -15"><span class='ocrx_word' id='word_1_188' title='bbox 303 1369 603 1435; x_wconf 82' lang='lat' dir='ltr'>cogitabunt</span> <span class='ocrx_word' id='word_1_189' title='bbox 627 1369 690 1418; x_wconf 92' lang='lat' dir='ltr'>de</span> <span class='ocrx_word' id='word_1_190' title='bbox 709 1371 838 1420; x_wconf 74' lang='lat' dir='ltr'>vita?</span> <span class='ocrx_word' id='word_1_191' title='bbox 885 1385 991 1433; x_wconf 85' lang='lat' dir='ltr'>quo</span> <span class='ocrx_word' id='word_1_192' title='bbox 1025 1371 1369 1435; x_wconf 79' lang='lat' dir='ltr'>mici-oscopio</span> <span class='ocrx_word' id='word_1_193' title='bbox 1396 1384 1619 1434; x_wconf 75' lang='lat' dir='ltr'>quaerent</span> <span class='ocrx_word' id='word_1_194' title='bbox 1643 1372 1893 1420; x_wconf 82' lang='lat' dir='ltr'>tantillum</span> <span class='ocrx_word' id='word_1_195' title='bbox 1925 1385 2052 1421; x_wconf 81' lang='lat' dir='ltr'>tem·</span> 
     </span>
     <span class='ocr_line' id='line_1_24' title="bbox 301 1433 2049 1500; baseline 0.002 -18"><span class='ocrx_word' id='word_1_196' title='bbox 301 1450 394 1500; x_wconf 89' lang='lat' dir='ltr'>pus</span> <span class='ocrx_word' id='word_1_197' title='bbox 416 1436 430 1482; x_wconf 74' lang='grc' dir='ltr'><em>ἓ</em></span> <span class='ocrx_word' id='word_1_198' title='bbox 467 1433 593 1482; x_wconf 87' lang='lat' dir='ltr'>heu!</span> <span class='ocrx_word' id='word_1_199' title='bbox 631 1433 923 1482; x_wconf 87' lang='lat' dir='ltr'>clamabunt</span> <span class='ocrx_word' id='word_1_200' title='bbox 942 1449 1037 1482; x_wconf 91' lang='lat' dir='ltr'>nos</span> <span class='ocrx_word' id='word_1_201' title='bbox 1059 1433 1346 1482; x_wconf 68' lang='lat' dir='ltr'>intentatos!</span> <span class='ocrx_word' id='word_1_202' title='bbox 1370 1435 1490 1497; x_wconf 87' lang='lat' dir='ltr'>quid</span> <span class='ocrx_word' id='word_1_203' title='bbox 1513 1434 1607 1483; x_wconf 87' lang='lat' dir='ltr'>fuit</span> <span class='ocrx_word' id='word_1_204' title='bbox 1628 1438 1724 1484; x_wconf 85' lang='lat' dir='ltr'>vita</span> <span class='ocrx_word' id='word_1_205' title='bbox 1742 1433 1852 1489; x_wconf 80' lang='lat' dir='ltr'>,nisi</span> <span class='ocrx_word' id='word_1_206' title='bbox 1864 1435 2049 1499; x_wconf 78' lang='lat' dir='ltr'>fulgur,</span> 
     </span>
     <span class='ocr_line' id='line_1_25' title="bbox 303 1495 2050 1562; baseline 0.001 -15"><span class='ocrx_word' id='word_1_207' title='bbox 303 1497 449 1561; x_wconf 87' lang='lat' dir='ltr'>quod</span> <span class='ocrx_word' id='word_1_208' title='bbox 468 1495 698 1561; x_wconf 79' lang='lat' dir='ltr'>disparuit</span> <span class='ocrx_word' id='word_1_209' title='bbox 722 1499 773 1546; x_wconf 90' lang='lat' dir='ltr'>in</span> <span class='ocrx_word' id='word_1_210' title='bbox 792 1497 891 1546; x_wconf 66' lang='lat' dir='ltr'>ictu</span> <span class='ocrx_word' id='word_1_211' title='bbox 915 1498 1082 1545; x_wconf 74' lang='lat' dir='ltr'>oculi?</span> <span class='ocrx_word' id='word_1_212' title='bbox 1118 1497 1240 1560; x_wconf 88' lang='lat' dir='ltr'>quid</span> <span class='ocrx_word' id='word_1_213' title='bbox 1259 1496 1345 1545; x_wconf 81' lang='lat' dir='ltr'>nisi</span> <span class='ocrx_word' id='word_1_214' title='bbox 1373 1513 1547 1562; x_wconf 78' lang='lat' dir='ltr'>vapor,</span> <span class='ocrx_word' id='word_1_215' title='bbox 1563 1500 1648 1561; x_wconf 86' lang='lat' dir='ltr'>qui</span> <span class='ocrx_word' id='word_1_216' title='bbox 1673 1514 1794 1547; x_wconf 85' lang='lat' dir='ltr'>mox</span> <span class='ocrx_word' id='word_1_217' title='bbox 1817 1501 2050 1549; x_wconf 77' lang='lat' dir='ltr'>evanuit?</span> 
     </span>
     <span class='ocr_line' id='line_1_26' title="bbox 302 1557 2052 1623; baseline 0.001 -14"><span class='ocrx_word' id='word_1_218' title='bbox 302 1560 392 1610; x_wconf 83' lang='lat' dir='ltr'>nisi</span> <span class='ocrx_word' id='word_1_219' title='bbox 417 1558 622 1613; x_wconf 87' lang='lat' dir='ltr'>umbra,</span> <span class='ocrx_word' id='word_1_220' title='bbox 661 1576 770 1623; x_wconf 70' lang='lat' dir='ltr'>quac</span> <span class='ocrx_word' id='word_1_221' title='bbox 790 1557 1348 1609; x_wconf 75' lang='lat' dir='ltr'>transiit?1nonientu1n</span> <span class='ocrx_word' id='word_1_222' title='bbox 1362 1560 1479 1614; x_wconf 86' lang='lat' dir='ltr'>fuit,</span> <span class='ocrx_word' id='word_1_223' title='bbox 1500 1561 1644 1623; x_wconf 83' lang='lat' dir='ltr'>quod</span> <span class='ocrx_word' id='word_1_224' title='bbox 1658 1563 1895 1616; x_wconf 84' lang='lat' dir='ltr'>viximus,</span> <span class='ocrx_word' id='word_1_225' title='bbox 1916 1575 2052 1610; x_wconf 66' lang='lat' dir='ltr'>aeter-</span> 
     </span>
     <span class='ocr_line' id='line_1_27' title="bbox 306 1623 2054 1688; baseline 0.001 -15"><span class='ocrx_word' id='word_1_226' title='bbox 306 1625 450 1673; x_wconf 87' lang='lat' dir='ltr'>nitati</span> <span class='ocrx_word' id='word_1_227' title='bbox 472 1623 507 1671; x_wconf 87' lang='lat' dir='ltr'><strong>fi</strong></span> <span class='ocrx_word' id='word_1_228' title='bbox 532 1636 858 1688; x_wconf 85' lang='lat' dir='ltr'>comparetur</span> <span class='ocrx_word' id='word_1_229' title='bbox 881 1656 894 1677; x_wconf 83' lang='lat'>,</span> <span class='ocrx_word' id='word_1_230' title='bbox 932 1639 1086 1685; x_wconf 88' lang='lat' dir='ltr'>quam</span> <span class='ocrx_word' id='word_1_231' title='bbox 1111 1626 1328 1687; x_wconf 86' lang='lat' dir='ltr'>patimur</span> <span class='ocrx_word' id='word_1_232' title='bbox 1350 1642 1360 1670; x_wconf 91' lang='lat'>:</span> <span class='ocrx_word' id='word_1_233' title='bbox 1413 1637 1744 1673; x_wconf 72' lang='lat' dir='ltr'>momentum</span> <span class='ocrx_word' id='word_1_234' title='bbox 1766 1625 1860 1673; x_wconf 89' lang='lat' dir='ltr'>fuit</span> <span class='ocrx_word' id='word_1_235' title='bbox 1881 1637 2054 1674; x_wconf 87' lang='lat' dir='ltr'>totum</span> 
     </span>
     <span class='ocr_line' id='line_1_28' title="bbox 305 1683 2054 1753; baseline 0.002 -19"><span class='ocrx_word' id='word_1_236' title='bbox 305 1683 437 1753; x_wconf 73' lang='lat' dir='ltr'>pene</span> <span class='ocrx_word' id='word_1_237' title='bbox 460 1701 690 1735; x_wconf 85' lang='lat' dir='ltr'>amarum</span> <span class='ocrx_word' id='word_1_238' title='bbox 715 1702 728 1738; x_wconf 78' lang='lat'>5</span> <span class='ocrx_word' id='word_1_239' title='bbox 778 1702 899 1734; x_wconf 87' lang='lat' dir='ltr'>nam</span> <span class='ocrx_word' id='word_1_240' title='bbox 930 1687 1301 1736; x_wconf 80' lang='lat' dir='ltr'>ambulavimus</span> <span class='ocrx_word' id='word_1_241' title='bbox 1334 1689 1436 1735; x_wconf 84' lang='lat' dir='ltr'>vias</span> <span class='ocrx_word' id='word_1_242' title='bbox 1460 1686 1683 1735; x_wconf 85' lang='lat' dir='ltr'>difficiles</span> <span class='ocrx_word' id='word_1_243' title='bbox 1713 1705 1723 1734; x_wconf 90' lang='lat'><strong>:</strong></span> <span class='ocrx_word' id='word_1_244' title='bbox 1791 1689 2054 1738; x_wconf 89' lang='lat' dir='ltr'>minutum</span> 
     </span>
     <span class='ocr_line' id='line_1_29' title="bbox 304 1746 2052 1815; baseline -0.001 -15"><span class='ocrx_word' id='word_1_245' title='bbox 304 1751 565 1800; x_wconf 88' lang='lat' dir='ltr'>momenti</span> <span class='ocrx_word' id='word_1_246' title='bbox 591 1751 799 1798; x_wconf 88' lang='lat' dir='ltr'>unicum</span> <span class='ocrx_word' id='word_1_247' title='bbox 831 1749 925 1798; x_wconf 89' lang='lat' dir='ltr'>fuit</span> <span class='ocrx_word' id='word_1_248' title='bbox 950 1752 971 1804; x_wconf 72' lang='lat'>,²</span> <span class='ocrx_word' id='word_1_249' title='bbox 1000 1764 1107 1813; x_wconf 86' lang='lat' dir='ltr'>quo</span> <span class='ocrx_word' id='word_1_250' title='bbox 1135 1746 1442 1813; x_wconf 76' lang='lat' dir='ltr'>gustavimus</span> <span class='ocrx_word' id='word_1_251' title='bbox 1483 1749 1744 1815; x_wconf 77' lang='lat' dir='ltr'>paululum</span> <span class='ocrx_word' id='word_1_252' title='bbox 1776 1751 1963 1806; x_wconf 89' lang='lat' dir='ltr'>mellis,</span> <span class='ocrx_word' id='word_1_253' title='bbox 2000 1755 2052 1803; x_wconf 71' lang='grc' dir='ltr'>ὃς</span> 
     </span>
     <span class='ocr_line' id='line_1_30' title="bbox 307 1811 2051 1877; baseline 0.001 -15"><span class='ocrx_word' id='word_1_254' title='bbox 307 1815 452 1862; x_wconf 87' lang='lat' dir='ltr'>ecce!</span> <span class='ocrx_word' id='word_1_255' title='bbox 488 1811 732 1861; x_wconf 75' lang='lat' dir='ltr'>aeternum</span> <span class='ocrx_word' id='word_1_256' title='bbox 752 1815 1023 1861; x_wconf 85' lang='lat' dir='ltr'>morimur.</span> <span class='ocrx_word' id='word_1_257' title='bbox 1123 1813 1220 1862; x_wconf 85' lang='lat' dir='ltr'>Sed</span> <span class='ocrx_word' id='word_1_258' title='bbox 1240 1814 1362 1876; x_wconf 85' lang='lat' dir='ltr'>quid</span> <span class='ocrx_word' id='word_1_259' title='bbox 1376 1813 1493 1861; x_wconf 89' lang='lat' dir='ltr'>dico</span> <span class='ocrx_word' id='word_1_260' title='bbox 1516 1815 1872 1862; x_wconf 77' lang='lat' dir='ltr'>momentum?</span> <span class='ocrx_word' id='word_1_261' title='bbox 1908 1817 2051 1877; x_wconf 88' lang='lat' dir='ltr'>quin·</span> 
     </span>
     <span class='ocr_line' id='line_1_31' title="bbox 309 1873 2052 1940; baseline 0.002 -15"><span class='ocrx_word' id='word_1_262' title='bbox 309 1877 548 1940; x_wconf 84' lang='lat' dir='ltr'>quaginta</span> <span class='ocrx_word' id='word_1_263' title='bbox 571 1874 713 1925; x_wconf 64' lang='lat' dir='ltr'>fuere</span> <span class='ocrx_word' id='word_1_264' title='bbox 733 1878 865 1926; x_wconf 84' lang='lat' dir='ltr'>anni,</span> <span class='ocrx_word' id='word_1_265' title='bbox 881 1876 1060 1938; x_wconf 90' lang='lat' dir='ltr'>quibus</span> <span class='ocrx_word' id='word_1_266' title='bbox 1084 1877 1134 1923; x_wconf 89' lang='lat' dir='ltr'>in</span> <span class='ocrx_word' id='word_1_267' title='bbox 1157 1891 1314 1924; x_wconf 86' lang='lat' dir='ltr'>manu</span> <span class='ocrx_word' id='word_1_268' title='bbox 1332 1873 1501 1924; x_wconf 88' lang='lat' dir='ltr'>nostra</span> <span class='ocrx_word' id='word_1_269' title='bbox 1526 1875 1668 1925; x_wconf 63' lang='lat' dir='ltr'>fuere</span> <span class='ocrx_word' id='word_1_270' title='bbox 1688 1879 1882 1926; x_wconf 78' lang='lat' dir='ltr'>Sortes:</span> <span class='ocrx_word' id='word_1_271' title='bbox 1902 1893 2052 1928; x_wconf 88' lang='lat' dir='ltr'>vena-</span> 
     </span>
     <span class='ocr_line' id='line_1_32' title="bbox 308 1937 2054 2006; baseline 0 -16"><span class='ocrx_word' id='word_1_272' title='bbox 308 1940 356 1990; x_wconf 85' lang='lat' dir='ltr'>le</span> <span class='ocrx_word' id='word_1_273' title='bbox 378 1937 574 1988; x_wconf 86' lang='lat' dir='ltr'>steterat</span> <span class='ocrx_word' id='word_1_274' title='bbox 599 1940 839 1993; x_wconf 88' lang='lat' dir='ltr'>Coelum,</span> <span class='ocrx_word' id='word_1_275' title='bbox 891 1940 1199 2001; x_wconf 79' lang='lat' dir='ltr'>negleximus</span> <span class='ocrx_word' id='word_1_276' title='bbox 1225 1957 1234 1987; x_wconf 95' lang='lat'><strong>:</strong></span> <span class='ocrx_word' id='word_1_277' title='bbox 1298 1939 1701 1989; x_wconf 87' lang='lat' dir='ltr'>obtrudebantur</span> <span class='ocrx_word' id='word_1_278' title='bbox 1737 1954 1916 1990; x_wconf 83' lang='lat' dir='ltr'>aeterna</span> <span class='ocrx_word' id='word_1_279' title='bbox 1937 1957 2054 2006; x_wconf 82' lang='lat' dir='ltr'>gau-</span> 
     </span>
     <span class='ocr_line' id='line_1_33' title="bbox 311 2002 2054 2066; baseline 0.001 -14"><span class='ocrx_word' id='word_1_280' title='bbox 311 2003 418 2057; x_wconf 90' lang='lat' dir='ltr'>dia,</span> <span class='ocrx_word' id='word_1_281' title='bbox 451 2002 851 2066; x_wconf 84' lang='lat' dir='ltr'>repudiavimus:</span> <span class='ocrx_word' id='word_1_282' title='bbox 889 2003 1108 2051; x_wconf 83' lang='lat' dir='ltr'>infinitus</span> <span class='ocrx_word' id='word_1_283' title='bbox 1139 2003 1461 2052; x_wconf 84' lang='lat' dir='ltr'>Beatitudinis</span> <span class='ocrx_word' id='word_1_284' title='bbox 1494 2003 1746 2053; x_wconf 87' lang='lat' dir='ltr'>thesaurus</span> <span class='ocrx_word' id='word_1_285' title='bbox 1775 2017 2054 2054; x_wconf 89' lang='lat' dir='ltr'>momento</span> 
     </span>
     <span class='ocr_line' id='line_1_34' title="bbox 311 2063 2054 2133; baseline 0.002 -19"><span class='ocrx_word' id='word_1_286' title='bbox 311 2065 498 2114; x_wconf 87' lang='lat' dir='ltr'>laboris</span> <span class='ocrx_word' id='word_1_287' title='bbox 526 2063 680 2119; x_wconf 88' lang='lat' dir='ltr'>stetit,</span> <span class='ocrx_word' id='word_1_288' title='bbox 705 2065 1105 2130; x_wconf 78' lang='lat' dir='ltr'>contempsimus</span> <span class='ocrx_word' id='word_1_289' title='bbox 1126 2099 1139 2121; x_wconf 95' lang='lat'>,</span> <span class='ocrx_word' id='word_1_290' title='bbox 1171 2070 1222 2116; x_wconf 72' lang='grc' dir='ltr'>ὅ(</span> <span class='ocrx_word' id='word_1_291' title='bbox 1244 2067 1429 2114; x_wconf 87' lang='lat' dir='ltr'>infelici</span> <span class='ocrx_word' id='word_1_292' title='bbox 1453 2064 1670 2115; x_wconf 72' lang='lat' dir='ltr'>nimiimi</span> <span class='ocrx_word' id='word_1_293' title='bbox 1699 2068 1931 2121; x_wconf 85' lang='lat' dir='ltr'>cambio,</span> <span class='ocrx_word' id='word_1_294' title='bbox 1956 2084 2054 2133; x_wconf 86' lang='lat' dir='ltr'>pro</span> 
     </span>
     <span class='ocr_line' id='line_1_35' title="bbox 312 2128 2055 2194; baseline 0.001 -16"><span class='ocrx_word' id='word_1_295' title='bbox 312 2130 450 2193; x_wconf 90' lang='lat' dir='ltr'>pulte</span> <span class='ocrx_word' id='word_1_296' title='bbox 472 2129 790 2178; x_wconf 87' lang='lat' dir='ltr'>vendidimus</span> <span class='ocrx_word' id='word_1_297' title='bbox 821 2128 1186 2182; x_wconf 79' lang='lat' dir='ltr'>haereditatem5</span> <span class='ocrx_word' id='word_1_298' title='bbox 1215 2145 1310 2194; x_wconf 88' lang='lat' dir='ltr'>pro</span> <span class='ocrx_word' id='word_1_299' title='bbox 1342 2143 1712 2178; x_wconf 86' lang='lat' dir='ltr'>momentaneo</span> <span class='ocrx_word' id='word_1_300' title='bbox 1748 2131 1893 2193; x_wconf 90' lang='lat' dir='ltr'>quod</span> <span class='ocrx_word' id='word_1_301' title='bbox 1923 2132 2055 2180; x_wconf 89' lang='lat' dir='ltr'>dele-</span> 
     </span>
     <span class='ocr_line' id='line_1_36' title="bbox 313 2192 2057 2258; baseline 0.002 -18"><span class='ocrx_word' id='word_1_302' title='bbox 313 2192 437 2246; x_wconf 69' lang='lat' dir='ltr'>stat,</span> <span class='ocrx_word' id='word_1_303' title='bbox 458 2192 698 2256; x_wconf 80' lang='lat' dir='ltr'>elegimus</span> <span class='ocrx_word' id='word_1_304' title='bbox 719 2204 979 2245; x_wconf 83' lang='lat' dir='ltr'>aeternum,</span> <span class='ocrx_word' id='word_1_305' title='bbox 997 2193 1139 2255; x_wconf 84' lang='lat' dir='ltr'>quod</span> <span class='ocrx_word' id='word_1_306' title='bbox 1161 2195 1361 2242; x_wconf 87' lang='lat' dir='ltr'>cruciat.</span> <span class='ocrx_word' id='word_1_307' title='bbox 1410 2192 1614 2242; x_wconf 87' lang='lat' dir='ltr'>Verbo:</span> <span class='ocrx_word' id='word_1_308' title='bbox 1653 2210 1747 2258; x_wconf 87' lang='lat' dir='ltr'>pro</span> <span class='ocrx_word' id='word_1_309' title='bbox 1763 2195 1922 2244; x_wconf 78' lang='lat' dir='ltr'>Coelo</span> <span class='ocrx_word' id='word_1_310' title='bbox 1944 2211 2057 2244; x_wconf 90' lang='lat' dir='ltr'>mu-</span> 
     </span>
     <span class='ocr_line' id='line_1_37' title="bbox 315 2253 2055 2321; baseline 0.003 -19"><span class='ocrx_word' id='word_1_311' title='bbox 315 2258 532 2304; x_wconf 82' lang='lat' dir='ltr'>tavimus</span> <span class='ocrx_word' id='word_1_312' title='bbox 552 2271 749 2304; x_wconf 89' lang='lat' dir='ltr'>orcum.</span> <span class='ocrx_word' id='word_1_313' title='bbox 820 2256 948 2303; x_wconf 75' lang='lat' dir='ltr'>Talia</span> <span class='ocrx_word' id='word_1_314' title='bbox 971 2258 1173 2304; x_wconf 58' lang='lat' dir='ltr'>dixerunt</span> <span class='ocrx_word' id='word_1_315' title='bbox 1199 2260 1244 2303; x_wconf 85' lang='lat' dir='ltr'>in</span> <span class='ocrx_word' id='word_1_316' title='bbox 1274 2253 1440 2315; x_wconf 80' lang='lat' dir='ltr'>inferno</span> <span class='ocrx_word' id='word_1_317' title='bbox 1461 2256 1531 2307; x_wconf 70' lang='lat' dir='ltr'>hi,</span> <span class='ocrx_word' id='word_1_318' title='bbox 1560 2260 1633 2321; x_wconf 75' lang='lat' dir='ltr'>qui</span> <span class='ocrx_word' id='word_1_319' title='bbox 1648 2268 1961 2318; x_wconf 77' lang='lat' dir='ltr'>peccaverunt:</span> <span class='ocrx_word' id='word_1_320' title='bbox 1999 2258 2055 2308; x_wconf 67' lang='lat' dir='ltr'>nt</span> 
     </span>
     <span class='ocr_line' id='line_1_38' title="bbox 314 2318 778 2383; baseline -0.002 -15"><span class='ocrx_word' id='word_1_321' title='bbox 314 2318 541 2381; x_wconf 89' lang='lat' dir='ltr'>loquitur</span> <span class='ocrx_word' id='word_1_322' title='bbox 560 2319 778 2383; x_wconf 85' lang='lat' dir='ltr'>Sapiens.</span> 
     </span>
    </p>

    <p class='ocr_par' dir='ltr' id='par_1_7' title="bbox 316 2379 2057 2621">
     <span class='ocr_line' id='line_1_39' title="bbox 443 2379 2053 2450; baseline 0.003 -21"><span class='ocrx_word' id='word_1_323' title='bbox 443 2382 640 2432; x_wconf 89' lang='lat' dir='ltr'><strong>LEUC:</strong></span> <span class='ocrx_word' id='word_1_324' title='bbox 722 2380 847 2431; x_wconf 82' lang='lat' dir='ltr'>Satis</span> <span class='ocrx_word' id='word_1_325' title='bbox 882 2379 975 2438; x_wconf 88' lang='lat' dir='ltr'>cst,</span> <span class='ocrx_word' id='word_1_326' title='bbox 1020 2382 1126 2432; x_wconf 85' lang='lat' dir='ltr'>haec</span> <span class='ocrx_word' id='word_1_327' title='bbox 1159 2395 1316 2449; x_wconf 82' lang='lat' dir='ltr'>pauca</span> <span class='ocrx_word' id='word_1_328' title='bbox 1347 2383 1566 2448; x_wconf 85' lang='lat' dir='ltr'>Sapienti</span> <span class='ocrx_word' id='word_1_329' title='bbox 1604 2382 1867 2434; x_wconf 81' lang='lat' dir='ltr'>sufficiant:</span> <span class='ocrx_word' id='word_1_330' title='bbox 1914 2385 2053 2450; x_wconf 91' lang='lat' dir='ltr'>plura</span> 
     </span>
     <span class='ocr_line' id='line_1_40' title="bbox 316 2443 2054 2511; baseline 0.003 -19"><span class='ocrx_word' id='word_1_331' title='bbox 316 2443 405 2508; x_wconf 91' lang='lat' dir='ltr'>qui</span> <span class='ocrx_word' id='word_1_332' title='bbox 463 2445 846 2510; x_wconf 86' lang='lat' dir='ltr'>etit,experiatur</span> <span class='ocrx_word' id='word_1_333' title='bbox 865 2449 1207 2495; x_wconf 71' lang='lat' dir='ltr'>aeternitatem.</span> <span class='ocrx_word' id='word_1_334' title='bbox 1277 2445 1334 2495; x_wconf 87' lang='lat' dir='ltr'>Id</span> <span class='ocrx_word' id='word_1_335' title='bbox 1356 2446 1567 2511; x_wconf 77' lang='lat' dir='ltr'>amplius</span> <span class='ocrx_word' id='word_1_336' title='bbox 1587 2463 1696 2497; x_wconf 89' lang='lat' dir='ltr'>non</span> <span class='ocrx_word' id='word_1_337' title='bbox 1722 2447 2054 2510; x_wconf 83' lang='lat' dir='ltr'>miror,quod</span> 
     </span>
     <span class='ocr_line' id='line_1_41' title="bbox 318 2458 2057 2621; baseline 0.001 -61"><span class='ocrx_word' id='word_1_338' title='bbox 318 2508 386 2560; x_wconf 93' lang='lat' dir='ltr'>D.</span> <span class='ocrx_word' id='word_1_339' title='bbox 410 2458 612 2559; x_wconf 60' lang='lat' dir='ltr'>fpurseus</span> <span class='ocrx_word' id='word_1_340' title='bbox 630 2542 646 2560; x_wconf 61' lang='lat'><em>2</em></span> <span class='ocrx_word' id='word_1_341' title='bbox 676 2508 740 2559; x_wconf 87' lang='lat' dir='ltr'>de</span> <span class='ocrx_word' id='word_1_342' title='bbox 770 2511 961 2561; x_wconf 83' lang='lat' dir='ltr'>aeternis</span> <span class='ocrx_word' id='word_1_343' title='bbox 989 2510 1230 2578; x_wconf 80' lang='lat' dir='ltr'>suppliciis</span> <span class='ocrx_word' id='word_1_344' title='bbox 1259 2509 1384 2577; x_wconf 61' lang='lat' dir='ltr'>cuni</span> <span class='ocrx_word' id='word_1_345' title='bbox 1406 2512 1649 2574; x_wconf 84' lang='lat' dir='ltr'>cogitaret</span> <span class='ocrx_word' id='word_1_346' title='bbox 1670 2545 1684 2570; x_wconf 88' lang='lat'>,</span> <span class='ocrx_word' id='word_1_347' title='bbox 1715 2515 1766 2565; x_wconf 77' lang='lat' dir='ltr'>&lt;Sc</span> <span class='ocrx_word' id='word_1_348' title='bbox 1796 2514 2057 2621; x_wconf 38' lang='lat' dir='ltr'>interii-mc·-</span> 
     </span>
    </p>

    <p class='ocr_par' dir='ltr' id='par_1_8' title="bbox 1946 2588 1991 2624">
     <span class='ocr_line' id='line_1_42' title="bbox 1946 2588 1991 2624; baseline 0.044 -2"><span class='ocrx_word' id='word_1_349' title='bbox 1946 2588 1991 2624; x_wconf 76' lang='lat' dir='ltr'>la</span> 
     </span>
    </p>
   </div>
  </div>
 </body>
</html>
