2177 2905
615 78 1018 138 Techreopl2>1lacium
1044 79 1279 141 Physicum.
1670 99 1757 146 ²4¹

74 183 143 217 εκ
157 164 219 218 ad
231 181 422 218 annum
439 181 457 214 1
467 165 574 226 670.
582 165 931 217 observatione
943 167 1140 217 decima
1156 168 1360 233 septima
1371 168 1595 222 referunt
1607 189 1617 221 ε
1637 189 1824 243 nempe

71 230 192 280 etim
217 232 268 280 in
291 230 487 293 publica
505 228 853 295 Disputatione
867 230 1135 280 Cornelius
1153 232 1400 284 Martinus
1414 233 1823 301 Antvverpienfis

71 306 250 343 contra
274 292 685 357 Philosophicum
720 292 938 358 lapidem
967 294 1019 342 in
1043 293 1357 344 Academicd
1385 295 1519 353 Julifi
1551 302 1726 349 acriter
1745 305 1819 352 in-

68 354 308 420 surgeret,
330 356 606 418 quemdam
631 371 688 403 ex
708 355 1027 406 Auditorum
1050 354 1246 406 corona
1263 358 1603 421 prodeuntem
1618 398 1631 413 ‚
1662 365 1816 414 allato

68 416 360 484 opportune
384 418 615 483 plumbo,
636 431 824 468 certam
848 419 1112 468 tinsturam
1134 419 1362 476 iniecisse,
1379 424 1428 472 ὅς
1453 438 1509 471 cx
1529 425 1618 472 illo
1642 429 1819 477 metal-

67 481 121 532 lo
153 497 360 536 aurum,
383 497 502 529 cnm
536 484 772 532 omnium
804 481 1138 531 admiratione
1163 496 1487 547 generatum,
1508 486 1672 536 adhuc
1701 491 1814 540 cali-

67 544 191 593 dum
220 542 483 609 porrexiss'e
510 544 757 594 Cornelio
780 544 854 594 his
881 545 1068 594 verbis:
1095 545 1216 603 Jblve
1247 547 1354 593 mihi
1380 548 1488 593 hunc
1506 549 1808 609 syllogzfinum:

64 620 219 669 qnare
242 605 363 656 etim
381 608 649 657 Cornelius
669 608 845 656 oblato
871 623 996 657 auro
1016 618 1124 657 non
1139 608 1299 675 poss'et
1316 607 1549 667 resistere,
1570 613 1707 663 suam
1725 616 1811 664 sal-

63 681 167 719 tem
186 670 495 720 Sententiam
513 672 565 719 in
585 670 851 720 Alchimiae
874 670 1108 721 favorem
1128 670 1334 722 mutasse
1356 673 1549 738 legitur.
1626 678 1808 728 Similis

61 732 283 782 tinsturae
317 748 477 797 grano
508 733 844 784 Ferdinandus
865 735 952 782 111.
981 735 1207 798 gloriosae
1226 737 1494 786 Memoriae
1522 739 1806 804 Imperator

61 808 157 844 tres
178 796 482 860 Hydrargyri
501 796 642 850 libras
665 798 830 860 Pragae
856 799 905 845 in
939 812 1120 846 aurum
1146 798 1407 848 conversas
1439 800 1586 855 vidit,
1609 805 1658 854 ὃς
1685 805 1806 854 inde

57 874 269 907 aureum
301 859 552 909 numisma
586 859 761 907 excudi
797 857 922 918 iuffit
937 892 950 913 ,
990 860 1084 908 hac
1119 858 1411 927 epigraphe:
1455 866 1630 911 Divina
1650 869 1802 914 Meta-

58 922 283 981 morphofis
301 921 517 970 exhibita
538 923 701 986 Pragae
727 934 797 980 15.
818 924 1017 981 Januar.
1045 923 1181 982 1648.
1218 926 1268 972 in
1288 926 1536 989 praesentia
1556 928 1606 977 S.
1622 929 1799 979 Caesar.

56 982 324 1041 Maiestatis
336 985 629 1033 Ferdinandi
647 986 734 1034 ΙΙΙ.
803 983 920 1035 Imo
935 984 1124 1035 Anhor
1145 982 1215 1034 est
1233 986 1578 1039 eruditissimus
1598 992 1798 1057 Anglus

57 1048 120 1096 de
134 1049 319 1110 Morcy
334 1080 348 1101 ,
368 1048 651 1111 Rupertum
672 1049 952 1112 Principem
976 1049 1255 1098 Palatinum
1286 1066 1424 1100 anno
1457 1054 1591 1102 1662.
1613 1056 1802 1106 Britan-

55 1113 146 1160 niae
167 1113 296 1174 Regi
320 1110 561 1174 inlignem
584 1112 684 1158 auri
706 1112 910 1159 massam
934 1110 1093 1160 obtuli
1103 1110 1163 1161 [se
1177 1145 1190 1166 ,
1212 1113 1414 1175 qualem
1434 1116 1733 1182 Oeniponti,
1747 1121 1799 1169 in

54 1175 255 1238 Tyrolis
275 1173 584 1237 Metropoli,
606 1171 915 1223 Alchimistae
946 1175 1274 1223 confecerint.
1327 1176 1470 1225 Plura
1496 1195 1604 1228 non
1631 1182 1796 1232 addo.-

54 1236 257 1287 sufficiat
281 1236 618 1302 epiphonema
632 1269 644 1290 ,
665 1238 808 1299 quod
829 1237 966 1286 addit
984 1238 1212 1301 Magicus
1230 1237 1562 1304 Philosophiae
1580 1244 1789 1294 Cultor:
1824 1256 1915 1303 Del
1926 1259 2014 1307 Rio

51 1315 120 1350 coc
146 1301 431 1358 diversbrum,
452 1301 613 1362 inquit
628 1333 639 1353 ,
660 1301 738 1346 hac
747 1300 873 1361 ficper
892 1317 939 1347 re
961 1299 1199 1353 testimonia
1217 1315 1392 1354 extant,
1418 1317 1467 1351 ut
1482 1307 1587 1353 nulli
1605 1310 1789 1364 credere,
1822 1319 1929 1383 disq,
1950 1323 1981 1370 l,
1993 1336 2035 1371 1.

44 1367 237 1425 procacis
257 1366 391 1410 animi
409 1364 612 1409 videatur
626 1376 786 1435 ‚atque
801 1365 1035 1424 perfricatae
1059 1362 1236 1421 frontis,
1825 1397 1861 1428 c·
1885 1396 1924 1439 5·
1938 1399 2033 1447 qJ·

177 1427 357 1478 LEUC
422 1425 511 1476 An
534 1427 681 1489 igitur
700 1425 1050 1491 Chrysurgiam
1075 1443 1184 1475 non
1204 1425 1369 1478 modo
1393 1428 1689 1494 possibilem,
1710 1433 1791 1483 sed
1821 1445 1927 1494 Sea.
1942 1459 1990 1506 4.

50 1493 101 1542 ὅ(
123 1491 323 1539 facilem
343 1491 392 1537 in
413 1501 506 1537 tuo
524 1490 754 1553 Peripato
776 1490 977 1546 judicas,
999 1488 1116 1537 cnm
1132 1489 1268 1538 illam
1288 1489 1315 1539 :i
1336 1503 1429 1545 tot,
1447 1496 1495 1543 ὃς
1520 1498 1665 1544 tantis
1686 1499 1789 1546 cul-

47 1566 152 1602 tam
169 1586 181 1607 ‚
202 1567 294 1600 nec
314 1552 472 1599 inutili
490 1549 655 1599 studio
684 1553 931 1600 excultam
955 1554 1101 1599 toties
1123 1553 1346 1603 fatearis?
1415 1558 1572 1603 MEL:
1641 1561 1787 1622 Equi.

46 1613 166 1664 dem
195 1615 315 1664 sicut
343 1614 582 1662 omnibus
617 1612 772 1662 fidem
795 1629 904 1663 non
929 1614 1156 1677 denego,
1176 1614 1238 1663 fic
1266 1631 1358 1666 nec
1387 1618 1604 1669 adhibeo
1624 1620 1787 1686 fingu.

44 1679 127 1727 lis:
181 1677 301 1727 cnm
330 1673 551 1730 constet,
578 1676 773 1725 fraudes
803 1692 912 1724 non
943 1674 1056 1725 raro
1089 1677 1323 1741 plurimas
1356 1683 1692 1738 interveniffe‚
1717 1684 1782 1734 eo

45 1739 188 1804 quod
207 1740 351 1789 multi
371 1755 496 1788 auro
516 1738 794 1803 supposito,
813 1736 1082 1804 spurioque
1111 1739 1329 1805 decepti,
1351 1760 1457 1792 non
1479 1758 1580 1794 tam
1604 1748 1782 1795 retule-

42 1808 139 1854 rint
160 1803 312 1853 Midae
329 1803 573 1865 virgulam
590 1834 602 1852 ,
625 1801 779 1862 quam
802 1803 1114 1870 appendices.
1182 1805 1308 1852 Illud
1330 1806 1494 1868 potins
1514 1810 1563 1855 in
1583 1809 1782 1858 Orbem

41 1867 293 1916 declamo,
309 1863 699 1926 Chrysopaeiam,
721 1875 829 1911 utut
849 1864 1145 1926 possibilem,
1161 1866 1505 1916 difficillimam
1524 1882 1710 1925 tamen,
1728 1876 1779 1924 δε

40 1926 261 1978 maxime
285 1924 575 1990 operosam,
601 1937 749 1985 atque
776 1926 827 1973 in
853 1927 985 1989 praxi
1014 1928 1206 1990 penittis
1226 1928 1561 1988 rejiciendam.
1599 1933 1778 1984 Testor

30 1986 362 2048 ,Alchimistas
386 1992 698 2040 innumeros,
717 1989 801 2050 qui
819 2000 992 2051 praeter
1012 1991 1222 2046 noxium
1247 1991 1450 2043 fumum
1464 1995 1531 2043 nil
1547 1995 1780 2055 retulere,
1865 2016 1867 2019 ·

38 2054 127 2104 nisi
147 2057 294 2104 inane
313 2050 460 2103 nihil,
497 2051 654 2100 Poeta
680 2050 909 2104 ludente,
945 2053 995 2101 ὅ(
1015 2040 1278 2102 ἰ11ἶιάεητεε
1802 2070 1807 2075 ’

321 2115 514 2162 Condidit
531 2130 585 2160 ex
604 2114 734 2160 nihilo
753 2115 922 2160 DEUS
941 2118 1107 2161 omnia:
1142 2117 1289 2164 contra*

383 2176 449 2223 Tu
469 2174 575 2230 facis
592 2194 646 2222 ex
667 2189 757 2223 toto
771 2211 784 2227 ,
817 2178 939 2223 Cotta
961 2178 1177 2231 Chimzsta,
1209 2181 1332 2228 nihil.

36 2238 216 2293 Testor
240 2240 511 2290 immensos
532 2239 742 2293 labores,
757 2253 887 2301 quos
906 2255 1022 2293 cum
1047 2241 1301 2306 dispendio
1327 2245 1501 2300 salutis,
1521 2249 1572 2297 in
1591 2264 1643 2298 re
1662 2252 1771 2300 mil-

33 2307 82 2355 lc
101 2304 470 2354 difficultatibus
492 2300 730 2366 implexa,
756 2318 813 2350 ac
847 2306 1096 2355 erroribus
1123 2306 1259 2355 mille
1292 2306 1516 2362 obnoxia
1541 2327 1648 2363 non
1681 2314 1769 2364 nisa

35 2371 244 2419 inaniter
263 2364 646 2430 consumpsere,-
678 2365 939 2415 cavillante
961 2369 1212 2431 Satyrico:

314 2432 519 2480 Chimicus
549 2445 602 2475 ex
623 2444 726 2476 auro
741 2446 822 2475 non
841 2445 993 2477 aarum
1006 2429 1117 2491 fecit
1134 2434 1335 2483 Alanus:

382 2496 563 2544 Aurum
583 2509 636 2540 ex
656 2509 736 2540 non
750 2509 852 2540 auro
871 2508 949 2565 nop
971 2496 1117 2555 potuit
1130 2493 1294 2554 facere.

876 2556 896 2603 Ι
915 2572 931 2605 1
1518 2562 1698 2617 Testor
