2205 2905
700 79 834 131 Atlas*
853 80 1178 144 Philoffiphicm'.
1699 95 1758 146 25

69 166 248 240 Qetn
271 168 525 223 turbinem
545 165 589 230 ‘fi
617 169 669 218 in
684 167 821 228 fidum
843 171 1014 219 aerem
1034 203 1048 224 ,
1073 181 1215 220 certo
1238 170 1433 239 impetu
1462 185 1797 239 commotum
1813 207 1834 230 ,-

70 237 325 292 refundas‚
347 232 672 299 refragabitur
691 232 956 282 Lithuania
970 266 983 288 ‚
1007 245 1185 298 utpote
1209 250 1317 298 quae
1338 237 1466 288 benc
1492 242 1740 294 meminit,
1752 240 1829 289 fu-

66 300 204 352 rioso
226 296 639 359 ejusmodiAEolo
659 312 844 361 pagum
861 297 1113 360 integrum
1132 301 1398 360 quondam
1418 301 1512 351 effe
1529 307 1825 354 contritum,

61 364 252 430 segetes
272 365 322 412 in
351 359 571 412 modum
590 360 762 424 plateae
784 359 994 412 evulsas,
1018 360 1378 413 &foenisecam
1400 365 1647 415 sublatum
1667 371 1718 417 in
1745 371 1825 416 a'e-
1900 358 2029 405 Amw

67 444 121 477 ra
143 460 159 482 ,
199 423 311 493 post
347 436 567 488 quatuor
601 422 826 488 primum
865 423 1093 472 milliaria
1131 436 1270 474 terrae
1315 428 1488 478 denuo
1520 427 1821 480 restitutum.
1900 423 1988 482 157
1998 435 2020 481 5
2027 459 2038 470 ·

67 491 201 541 Hinc
227 491 363 540 venti
396 503 507 537 non
537 485 653 536 raro
676 485 928 550 ass'urgunt
956 483 984 535 ὲ
1004 489 1150 536 maris
1172 488 1363 545 fundo,
1386 505 1592 557 propter
1609 494 1825 558 spiritus,

65 549 95 603 ὲ
116 553 344 618 Neptuni
368 549 595 601 faucibus
624 548 889 598 crustatos.
989 551 1124 599 Hinc
1156 553 1304 602 color
1337 557 1390 603 in
1415 555 1619 606 Phoebo
1650 559 1825 621 igneus

63 629 246 667 ventos
265 615 544 681 promittit,
577 610 642 662 eo
667 609 813 675 quod
841 612 1055 667 indicet,
1080 613 1417 667 exhalationes
1443 620 1655 670 torridas
1674 625 1724 670 in
1747 625 1825 671 ae-

61 695 116 730 re
138 675 414 743 congestas.
516 678 650 727 Hine
676 679 805 725 eirca
828 677 1194 728 Promontoria
1210 712 1222 733 ,
1242 679 1360 730 hine
1390 686 1518 732 circa
1551 684 1719 734 littora
1743 701 1826 735 ve-

60 740 323 792 hementes
348 743 647 807 plerumque
672 751 911 788 notamus
935 753 1141 794 ventos,
1169 757 1378 807 propter
1407 762 1617 811 vapores
1650 745 1678 797 ὲ
1710 750 1827 799 vici-

0 849 5 851 Δ
59 810 135 856 nis
152 818 290 854 terrae
309 804 572 855 visceribus
593 802 853 852 resolutos.
897 804 1051 854 Seivit
1071 801 1157 854 ista
1170 807 1476 864 Columbus‚
1492 814 1540 860 ὅ(
1557 811 1643 860 nifi
1661 813 1829 863 Philo-

65 868 278 933 sophuS‚
297 867 463 917 audeo
487 868 650 916 dicere
665 899 677 919 ,
698 882 898 916 novum
921 869 1181 918 Mundum
1204 885 1312 919 non
1342 873 1618 924 inveniss‘et.
1685 878 1827 927 Nam

66 931 186 984 cum
216 932 268 979 in
295 932 421 986 mati
443 930 706 981 Atlantico
746 928 1075 981 ferocissimos
1118 932 1314 983 sentiret
1353 949 1534 986 ventos
1569 940 1828 1004 Europam

61 995 248 1048 versus,
269 993 400 1045 bene
422 993 709 1056 eollegerat,
730 992 857 1040 ultra
880 994 1153 1044 Oceanum
1173 996 1266 1046 effe
1289 1010 1491 1055 terram,
1505 1017 1612 1065 quae
1630 1015 1709 1052 tot
1727 1019 1826 1069 pro

64 1060 226 1107 ventis
247 1057 310 1106 de
335 1071 481 1107 novo
509 1055 714 1110 halitus,
737 1055 931 1119 semper
955 1056 1354 1110 succenturiaret.
1455 1065 1708 1116 Caeterum
1739 1066 1825 1116 ha-

62 1122 230 1171 litibus
272 1119 407 1169 slecis
432 1153 445 1174 ,
482 1132 716 1183 vapores,
733 1134 843 1167 non
874 1117 989 1169 raro
1020 1120 1260 1173 humidos
1296 1129 1644 1182 commisceri,
1681 1127 1750 1178 est
1770 1135 1824 1182 in

60 1195 351 1249 comperto.
453 1184 593 1233 Nam
623 1183 903 1246 experimur
926 1183 1044 1248 saepe
1073 1198 1252 1235 ventos
1281 1187 1346 1236 sat
1370 1190 1604 1255 frigidos,
1625 1193 1746 1259 saepe
1767 1195 1823 1244 il·-

60 1248 139 1298 los
162 1248 395 1296 sentimus
418 1245 766 1296 defluxionum
784 1244 1028 1296 molestos
1048 1248 1325 1306 Authoies„
1343 1255 1458 1316 quia
1476 1258 1644 1318 aqueis
1664 1258 1821 1323 reple-

61 1324 144 1361 tos
167 1308 698 1376 vaporibus,qui&ips1
711 1309 781 1358 ob
792 1308 1081 1360 adscititiam
1093 1315 1418 1370 raritatem‚&
1431 1318 1687 1369 levitatem
1700 1336 1819 1385 qua-

62 1375 366 1439 quaversum
389 1371 577 1438 impelli
596 1370 812 1437 possunt.
908 1375 1041 1423 Hinc
1067 1373 1150 1430 est,
1171 1392 1259 1426 cur
1281 1377 1569 1437 fluminum,
1593 1386 1641 1435 &
1657 1386 1820 1435 Ocea-

67 1442 120 1488 ni
141 1439 343 1491 accolae,
364 1436 391 1485 a
408 1438 568 1489 ventis
593 1433 707 1485 raro
730 1438 1001 1492 immunes,
1020 1439 1186 1503 jugem
1201 1441 1422 1492 AEoliam
1440 1449 1768 1510 experiantur.

199 1500 397 1552 LEUC:
427 1519 429 1522 ⁴
485 1495 756 1548 Delineasti
786 1514 1060 1552 ventorum
1089 1504 1253 1553 vultus
1279 1538 1292 1560 ‚
1325 1505 1405 1554 sed
1438 1510 1660 1559 necdum
1691 1513 1816 1562 alas:

61 1568 172 1629 quis
188 1564 363 1614 AEolus
386 1562 602 1612 ventosae
625 1561 742 1610 huic
762 1563 992 1629 phalangi
1017 1566 1101 1615 dat
1121 1569 1396 1632 impetum?
1432 1586 1541 1634 quae
1561 1576 1700 1624 causa
1723 1578 1815 1625 im-

62 1625 263 1694 pulsus?
328 1628 485 1673 MEL:
553 1625 774 1675 Nodum
793 1629 968 1692 tangis,
993 1630 1194 1680 Gordio
1222 1631 1508 1698 supparem,
1529 1651 1684 1699 quem
1707 1641 1814 1704 plu-

60 1707 137 1741 res
157 1687 414 1739 tentarunt
434 1685 625 1738 frustra.
727 1690 1124 1742 Monarchicum
1142 1694 1318 1745 AEolus
1348 1713 1458 1748 non
1476 1698 1630 1749 habet
1658 1704 1814 1768 impe-

58 1757 219 1805 rium:
256 1753 366 1803 sunt
395 1753 559 1818 plures
579 1785 590 1808 ‚
608 1768 832 1816 quorum
861 1768 1011 1805 nutus
1044 1757 1259 1808 adorant
1288 1765 1440 1811 venti.
1538 1766 1667 1814 Non
1688 1782 1815 1816 nun-

60 1832 217 1881 quam
249 1817 437 1882 spiritus
456 1849 470 1869 ‚
501 1830 632 1878 quos
658 1818 739 1865 vel
760 1817 916 1867 fidera
945 1822 1191 1884 Legatos,
1219 1824 1299 1872 vel
1317 1827 1523 1875 Tartara
1543 1827 1813 1878 emissarios

59 1881 294 1944 ablegant
318 1879 582 1932 satellites,
607 1880 762 1933 Euris,
786 1880 866 1928 seu
884 1883 1112 1940 Favonijs
1141 1885 1306 1933 laxant
1340 1886 1574 1939 habenas.
1674 1893 1814 1958 Saepe

58 1944 272 1993 Planetae
300 1943 504 1996 turbant
531 1953 803 1990 ventorum
826 1945 1090 2007 Regnum:
1126 1962 1262 1995 nune
1294 1952 1434 1998 enim
1455 1952 1702 2014 Cynthius
1734 1971 1813 2003 ex-

58 2017 233 2056 tenuat
256 2008 452 2056 aerem,
476 2003 654 2054 halitus
673 2004 874 2060 suffieit,
898 2018 1047 2070 atque
1069 2024 1306 2073 vapores:
1342 2027 1477 2062 nunc
1490 2016 1709 2080 Cynthia
1727 2020 1813 2084 spi·
1879 2063 1882 2065 ,

58 2072 179 2118 ritus
198 2069 444 2118 concitat:
481 2067 598 2117 hinc
617 2080 762 2117 notat
786 2071 1018 2126 Maurus,
1037 2084 1152 2121 ante
1168 2075 1324 2124 Lunae
1348 2076 1580 2140 deliquia,
1606 2080 1682 2129 sex
1706 2081 1812 2131 fere

60 2132 239 2185 horas,
264 2131 560 2195 plerumque
589 2143 770 2181 ventos
804 2134 1117 2184 tumultuari:
1153 2136 1235 2186 sed
1265 2140 1568 2191 &nobilem
1601 2144 1813 2195 advertit

59 2195 295 2258 Anglum
311 2226 326 2248 ,
345 2194 622 2259 Typhones
648 2198 698 2244 in
725 2197 992 2254 noviluniis
1024 2199 1208 2255 noctu,
1231 2201 1293 2250 de
1318 2202 1395 2252 die
1427 2205 1557 2255 nasei
1582 2209 1634 2256 in
1657 2208 1812 2273 pleni-
1843 2211 2023 2259 Bolmm.

60 2259 219 2314 lunijs.
298 2258 453 2306 Nunc
479 2255 566 2306 fibi
595 2260 864 2323 imperium
894 2275 1130 2326 arrogant
1156 2264 1455 2316 subterranei
1485 2270 1649 2333 ignes,
1685 2287 1813 2336 quo-

59 2337 177 2370 rum
198 2335 297 2385 ope
321 2315 348 2368 ὲ
376 2319 627 2384 catadupis
653 2323 830 2371 elevati
859 2339 1097 2388 vapores,
1123 2322 1306 2391 aliique
1339 2331 1390 2377 in
1417 2330 1660 2397 hypogeis
1686 2352 1813 2386 rare-

61 2384 178 2433 faeti
202 2383 416 2448 spiritus,
437 2387 664 2433 maximo
692 2400 811 2433 cum
845 2389 1064 2451 impetu,
1093 2405 1182 2454 per
1211 2395 1471 2444 montium
1501 2394 1733 2461 siphones
1764 2416 1811 2448 e-

59 2458 319 2512 rumpunt.
388 2447 652 2520 Nune-per
674 2452 934 2499 montium
959 2451 1088 2516 juga,
1110 2453 1295 2517 liquata
1326 2456 1520 2519 hyems,
1544 2460 1718 2516 salinis,
1739 2465 1810 2511 ni-

60 2509 229 2566 trosis,
254 2513 305 2561 ὅ(
326 2508 590 2563 flatulenns
613 2510 853 2579 spiritibus
879 2517 1049 2627 a'el'gem
1071 2519 1319 2570 concitat:
1354 2520 1476 2574 hinc,
1495 2523 1662 2574 Etefiae
1691 2525 1812 2597 fiant

1694 2604 1747 2638 in
