2177 2905
358 96 359 100 ¹
415 73 505 127 168
1024 73 1224 125 'Ariadne
1244 37 1435 139 Physita.

334 167 497 222 missas
522 164 717 220 'ePartis
736 165 949 220 adversae
971 171 1219 257 princigijs
1250 167 1493 219 deductas·
1515 183 1527 215 :
1563 166 1674 230 quis
1699 164 1847 231 igitur
1872 167 1999 219 vitio
2023 169 2109 221 da-

335 235 407 284 bit
438 233 827 284 conclusionem
851 267 864 289 ,
900 249 1010 298 quae
1053 234 1147 283 effe
1176 232 1463 284 verosimile
1491 231 1670 280 inferat
1700 264 1712 285 ,
1734 232 2053 297 CorylumH
2098 259 2102 261 *
2162 253 2164 255 >

336 297 580 364 drargyro
603 297 668 347 sic
679 300 960 347 animatum
986 331 999 352 ‚
1035 299 1360 348 inclinatione
1372 291 1705 361 sympathica,
1739 294 1935 345 Pactoli
1959 313 2087 348 vena

336 361 572 427 detegere
590 397 603 416 ,
633 358 955 427 prodere'que
976 361 1231 411 thesauros
1254 395 1266 415 ‚
1301 363 1353 409 in
1382 373 1520 408 tertae
1549 359 1810 411 visceribus
1844 360 2106 426 consepul-

337 429 460 477 tos?
505 423 739 490 profecto
769 424 1004 476 ass'er'tum
1035 424 1344 475 confirmant
1373 422 1481 489 ipsae
1520 425 1668 472 ctiam
1700 421 2107 481 circumstantiae,

342 506 453 554 quae
474 487 638 554 prima
655 491 826 539 fronte
845 489 1262 538 illud’infirmant.
1332 489 1472 536 Nam
1491 487 1649 550 liquet
1678 485 1817 536 Imo.
1844 503 1932 536 cur
1946 492 2110 553 virgu-

342 557 406 611 la,
427 557 478 603 in
496 553 1188 618 luperficiaevcnaemctallicae
1208 551 1428 600 crescens
1443 583 1455 605 ‚
1477 563 1561 599 aut
1582 566 1638 599 cx
1657 550 1762 616 ipso
1782 564 1923 600 terrae
1945 553 2110 603 fundo

343 630 489 667 enata
518 621 702 667 caeteris
727 617 1028 682 praeferatur.
1115 613 1237 665 2do.
1277 615 1383 664 Cur
1414 629 1523 662 non
1553 618 1753 664 omncs*
1766 616 1968 678 virgulae
1992 632 2111 666 eun-

345 683 467 731 dem
491 678 720 746 praestent
753 679 1009 729 effectuum
1097 681 1218 737 3tio.
1257 679 1366 728 Cur
1387 678 1520 735 juxta
1549 678 1772 739 aliquos,
1807 679 1976 728 calore
2006 696 2110 730 ma-

343 762 507 795 nuum
528 746 739 806 animari
758 746 952 807 virgam
975 748 1227 808 oporteat.
1298 742 1403 791 Cur
1424 742 1642 803 denique
1664 742 1863 804 Cotylo
1890 746 1941 792 in
1954 745 2113 793 Pleni·
2134 767 2143 775 =

346 810 491 865 Iuniis
524 808 581 857 fit
614 809 779 865 major
805 810 957 856 virtus
986 825 996 854 :
1050 806 1295 882 siquidem
1317 818 1453 852 tunc
1477 803 1721 866 Cynthia,
1743 805 1986 854 validiore
2020 808 2112 856 do-

346 875 513 921 minio
536 904 548 925 ,
563 872 660 919 ciet
671 871 914 920 humores
930 903 944 925 ,
962 883 1245 930 movetque
1258 867 1468 915 humida
1489 881 1706 930 corpora
1720 899 1733 920 ‚
1753 868 1901 930 quale
1919 873 2113 935 praepri-

347 938 443 985 mis
459 935 956 998 effeHydrargyron,
980 932 1515 980 oculatumnemincm
1538 931 1690 978 latere
1720 927 1902 995 potest.
1983 936 2114 984 Non

345 998 433 1049 hie
453 999 684 1063 allegabo
708 997 1121 1049 Authoritatem‚
1147 998 1198 1045 ὅ(
1229 993 1412 1047 fidem,
1434 1009 1590 1057 quam
1623 994 1979 1059 interponunt,
2001 999 2113 1048 Viri

342 1076 450 1112 tam
470 1063 531 1126 pij
547 1095 559 1115 ,
582 1060 739 1124 quam
766 1060 930 1114 docili,
950 1072 1069 1123 puta
1099 1056 1317 1124 piminii,
1341 1073 1568 1119 quorum
1603 1059 1938 1122 multiplicem
1970 1076 2112 1126 expe-

342 1130 571 1176 rientiam
593 1126 804 1188 Magicae
828 1124 1013 1178 fraudis
1032 1120 1305 1188 postulare,
1337 1137 1494 1178 nemo
1510 1125 1619 1186 pius
1644 1155 1657 1175 ‚
1693 1120 1927 1185 dostusq3
1941 1124 2113 1188 praesu-

342 1203 467 1240 met.
538 1191 659 1237 Haec
679 1187 890 1237 Author
910 1188 992 1236 hic
1004 1186 1227 1240 celebris,
1247 1186 1369 1235 illud
1391 1187 1591 1234 Senecae
1614 1185 1820 1240 addens,
1836 1188 2114 1251 epiphone-

343 1255 491 1303 matis
512 1251 635 1302 Ιοεὸ
649 1286 662 1308 ,
684 1250 802 1301 nomi
813 1252 989 1310 summis
1007 1250 1138 1298 labris
1155 1250 1232 1306 zstcc
1249 1253 1430 1297 veniunt
1437 1272 1455 1303 ,-
1490 1249 1649 1297 hahent
1670 1251 1728 1296 hae
1745 1266 1870 1298 voces
1896 1266 1992 1298 meae
2006 1251 2109 1311 fun-

346 1321 609 1366 damentum.
1516 1367 1526 1382 ι

471 1380 671 1432 LEUC:
742 1380 943 1429 Exirem
963 1374 989 1428 ὲ
1012 1378 1169 1427 horto
1189 1379 1371 1443 Magia:
1395 1378 1664 1433 Botanico‚
1690 1375 1743 1427 ni
1762 1377 1824 1426 ad
1845 1378 2017 1433 limen,
2030 1394 2112 1444 pa-

340 1445 538 1496 radoxo
559 1443 838 1508 spectaculo
860 1443 1104 1491 detineret
1124 1458 1209 1490 me
1226 1444 1434 1491 Laurus.
1493 1440 1652 1497 Itane,
1673 1441 1818 1505 quod
1840 1446 2004 1499 ajunt,
2023 1447 2113 1495 tria

340 1509 399 1560 fit
422 1510 662 1572 reperire,
688 1509 740 1555 in
761 1522 887 1569 quae,
912 1523 1027 1554 raro
1056 1508 1264 1556 Natura:
1284 1505 1566 1571 privilegio,
1590 1507 1782 1555 nullam
1811 1503 2113 1569 potestatem

342 1575 495 1623 ctiam
506 1573 698 1636 Jupiter
712 1570 1010 1619 fulminans?
1076 1571 1232 1616 MEL:
1300 1571 1381 1618 Sic
1404 1583 1669 1619 autumant
1681 1570 2111 1635 Phyfiologorum

345 1652 456 1687 non
484 1636 648 1684 inania
678 1635 939 1683 Nomina:
989 1632 1016 1681 a
1043 1633 1222 1694 quibus
1253 1633 1532 1696 persuasum
1554 1666 1567 1687 ‚
1592 1649 1735 1687 reor,
1765 1634 2110 1684 Octavianum

346 1694 639 1765 Augustum
656 1731 669 1752 ,
692 1709 746 1746 ut
769 1697 910 1747 vituli
937 1698 1116 1744 marini
1137 1696 1320 1760 pellem
1344 1711 1437 1759 pro
1457 1699 1597 1746 scuto
1627 1697 1857 1746 adversus
1876 1696 2110 1754 fulmina,

347 1776 617 1828 nunquam
635 1766 762 1811 ‘non
793 1758 1163 1809 circumferret:
1208 1760 1480 1812 Severum,
1503 1771 1558 1808 ut
1586 1759 1776 1807 eodem
1800 1761 1946 1809 corio
1975 1761 2110 1811 leffi-

346 1844 462 1877 cam
495 1825 784 1888 obtegeret:
830 1822 1122 1877 Tiberium,
1151 1835 1205 1871 ut
1231 1834 1372 1870 metu
1398 1822 1621 1871 fulminis
1655 1822 2112 1887 perculsusysubita

345 1893 519 1942 Lauro
533 1887 578 1938 se
593 1899 881 1938 coronaret.
935 1884 1260 1936 Rationemfi
1281 1887 1608 1951 petas‚plures
1629 1888 1680 1934 in
1700 1887 1966 1936 cumulum
1990 1904 2113 1938 con-

347 1967 553 2021 gerunt,
580 1968 689 2016 quae
717 1964 888 2001 tamen
908 1950 1073 1998 fulcro
1095 1950 1375 2014 antipathia:
1405 1952 1559 1999 unico
1582 1951 1878 2013 innituntur.
1963 1952 2043 2000 Sic
2063 1968 2111 2001 e·

347 2022 457 2069 nim
479 2030 695 2083 arguunt
723 2014 750 2064 ὲ
772 2016 893 2080 pari.
963 2014 1099 2067 Vim,
1116 2016 1335 2064 Laurum,
1357 2016 1407 2064 &
1427 2015 1646 2060 Hederam
1665 2013 1801 2062 fatali
1829 2011 1962 2064 adeo
1990 2032 2111 2065 nau-

347 2080 427 2133 sea
459 2081 730 2134 aversatur,
756 2091 837 2132 ut,
861 2077 1013 2126 sicubi
1035 2079 1252 2126 vicinam
1275 2076 1537 2132 sentiat,in
1548 2075 1805 2126 adversam
1816 2077 1862 2126 se
1873 2089 2110 2142 torqueat

347 2160 570 2213 partem,
595 2140 948 2207 quantumque
975 2137 1166 2206 potest,
1205 2141 1266 2189 ab
1294 2142 1384 2190 illis
1413 2142 1658 2206 refugiat:
1703 2143 2107 2206 experimentum

351 2211 490 2261 dabit
510 2225 596 2260 vas
619 2207 983 2259 hederaccum‚
1012 2207 1093 2254 cui
1125 2204 1158 2253 fi
1189 2208 1367 2254 vinum
1392 2205 1655 2258 infundas,
1676 2204 1881 2254 Thetidi
1911 2210 2109 2256 marita-

349 2286 461 2323 tum
478 2308 491 2328 ,
515 2275 695 2322 vinum
725 2267 851 2319 odio
885 2270 1041 2317 hederae
1074 2268 1098 2327 <
1122 2281 1416 2318 remanente
1439 2267 1609 2331 aqua)
1646 2267 1919 2318 effunditur
1943 2267 2106 2327 illico,

351 2338 638 2392 hederacco
680 2335 790 2383 vase
831 2334 1171 2396 nequicquam
1221 2333 1473 2395 liquorem
1522 2333 1800 2397 profugum
1841 2336 2106 2385 retinente.

352 2401 536 2463 Braffica
559 2399 695 2462 fugat
722 2401 859 2443 vitem
888 2430 900 2450 ,
936 2395 1018 2444 scd
1035 2401 1085 2448 δε
1116 2395 1323 2445 vicissim
1347 2397 1545 2462 fugatur
1566 2397 1593 2446 a
1623 2397 1873 2458 Cyclamino.
1940 2399 2107 2445 scillam

350 2456 659 2516 aversantur,
687 2463 736 2510 ὅ(
766 2460 966 2524 fugiunt
987 2461 1111 2526 lupi:
1156 2460 1366 2524 herbam
1396 2464 1602 2516 timent,
1628 2460 1864 2522 homines
1892 2472 2102 2510 terrent:

350 2529 572 2583 fetrum,
599 2519 893 2589 strictosque
913 2525 1137 2576 acinaces
1161 2539 1274 2576 -non
1301 2523 1608 2584 formidant,
1629 2528 1680 2580 ὅ(
1706 2536 1880 2577 tamen
1909 2523 2105 2574 colliso-

1001 2613 1006 2617 ·
1922 2603 2039 2638 tum
