2177 2905
71 659 74 663 ⁴
126 598 321 651 Thaum.

117 677 166 727 p.
180 679 228 725 4.
248 665 278 712 l.
293 675 342 723 4.

124 746 159 775 c.
172 743 200 773 2

122 795 239 841 Hor·

121 854 308 915 Persius.

124 2185 298 2246 Juven.

127 2254 218 2298 Sat.
236 2250 279 2297 8.

441 115 460 148 1
471 112 534 160 94
1038 97 1220 160 Oedipus·
1241 97 1450 160 Phyficm.

374 195 424 244 δε
443 191 682 245 radicem,
697 190 886 256 pabulo
900 203 987 255 per
1006 203 1068 238 os
1087 201 1317 255 excepto,
1330 184 1579 238 sustentat.
1661 183 1826 254 Qod
1848 199 2018 239 autem
2032 190 2132 242 fen-

371 257 424 306 su
446 251 601 304 taetus
629 254 963 304 solummodo
985 253 1212 319 polleant
1238 269 1255 306 3
1303 248 1449 316 quod
1469 247 1497 303 ὲ
1524 253 1711 302 semine
1738 252 1915 317 plantae
1945 253 2135 306 ducant

371 319 624 381 originem
663 318 913 384 paradoxa
948 316 1053 366 haec
1082 317 1281 366 animal'
1326 349 1339 371 ‚
1369 317 1557 381 probat
1576 317 1763 365 caeteris
1782 315 1948 365 minus
1973 318 2132 382 perfe-

371 381 447 431 &a
464 415 476 436 ‚
498 394 795 435 nonautem
815 377 843 430 ὲ
872 382 1029 447 specie
1057 379 1280 430 sensitiva
1307 380 1546 429 eliminat.
1615 378 1868 441 Nunquid
1898 385 2054 436 enim,
2074 397 2134 434 ex

372 445 616 494 arborum
646 448 804 511 putri,
831 457 1110 510 prorepunt
1142 444 1393 493 Hiberniae
1429 444 1626 492 anates?
1662 442 1893 506 nunquid
1915 439 1943 492 ὲ
1963 445 2135 495 multis

371 508 633 559 fruticibus
657 509 954 559 animalcula
974 507 1235 572 pullulant,
1252 521 1362 570 quae
1386 507 1626 570 paulatim
1649 504 1677 555 ὲ
1697 507 1849 555 ramis
1874 506 2133 563 decidunt,

374 574 502 622 acin
521 573 735 637 reptilia,
755 573 837 623 vel
861 571 1084 622 volatilia
1114 570 1350 621 mirabilis
1373 572 1552 620 formae
1575 569 1904 635 degenerant,
1918 571 1967 618 id
1990 571 2136 634 quod

374 651 485 685 non
507 635 659 685 semel
679 638 730 685 in
742 637 904 686 Sicilia
926 635 973 684 se
992 631 1162 685 vid-ifle
1183 667 1196 688 ‚
1231 633 1388 684 afferit
1399 634 1656 688 schottus,
1680 630 1810 683 testis
1832 631 1933 682 fide
1960 634 2135 699 dignis-

374 699 525 752 fimus
538 733 554 756 ,,
576 702 695 763 quia
712 701 960 749 oculatus
1028 701 1149 749 Haee
1175 697 1268 748 illi:
1288 710 1344 747 tu
1364 697 1509 752 senti,
1532 697 1675 761 quod
1698 697 1867 747 lubet:
1900 712 2025 747 nam

627 766 775 811 Miltia
798 777 902 827 quot
924 766 1115 823 capitum.
1143 764 1319 813 vivunt,
1351 762 1528 808 totidem
1549 760 1819 814 studiorum,

629 829 747 876 VeHe·
761 828 884 885 suum
915 830 1063 889 cuique
1086 823 1166 875 esi,
1185 841 1259 871 nec
1275 838 1379 870 voto
1406 826 1582 869 vivitur
1601 830 1709 867 unm

503 891 705 942 LEUC:
771 890 936 954 Capio
964 888 1382 939 fundamentum,
1404 901 1510 947 quo
1549 882 1683 932 male
1711 885 1811 933 nixi
1835 883 2135 949 S'ophorum

374 956 638 1005 nonnulli,
659 954 723 1003 fic
749 955 979 1017 cespitare
1000 952 1216 1011 denique
1238 961 1523 1012 coeperant,
1550 960 1604 996 ut
1628 948 1804 1012 plantis
1828 949 2001 1015 paffim
2021 966 2135 1001 om-

373 1020 520 1068 nibus
535 1052 546 1073 ‚
567 1018 758 1067 sensum
781 1015 969 1071 obtusum
1000 1013 1170 1062 saltem
1185 1046 1198 1066 ‚
1218 1015 1267 1062 &
1287 1013 1566 1058 dormientem
1594 1012 1968 1068 concederent,
1988 1029 2044 1063 ac
2064 1018 2135 1064 in-

373 1096 448 1131 tra
478 1084 757 1131 Brutorum
797 1078 1040 1131 subsellia,
1075 1088 1186 1124 utut
1219 1075 1460 1124 inferiora
1491 1074 1777 1140 paululum,
1803 1078 2132 1128 collocarent.

370 1146 584 1199 Lubeat,
600 1159 796 1209 precor,
817 1142 1059 1206 temporis
1079 1139 1281 1188 fallendi
1299 1136 1470 1202 gratia,
1491 1139 1741 1203 percipere
1762 1141 1967 1188 inanem
1983 1141 2136 1191 Cam-

407 1209 580 1258 anellae
603 1205 868 1256 stridor-em
883 1242 896 1256 ,
919 1220 1029 1268 quo
1059 1205 1112 1251 in
1136 1201 1496 1267 Philosophico
1531 1203 1717 1267 Regno
1737 1204 2014 1253 tumultum
2037 1206 2136 1255 ciet

408 1276 452 1321 ic
480 1269 721 1337 streperus
751 1264 1170 1332 Philosophaster.
1256 1266 1440 1316 Plantae
1462 1280 1644 1314 omnes
1667 1266 1809 1314 nullo
1837 1267 2133 1323 discrimine,

369 1335 482 1386 sunt
500 1334 749 1386 animalia,
769 1335 888 1383 totis
908 1331 1234 1397 pulmonibus
1257 1330 1516 1378 inclamat:
1562 1344 1685 1377 narn
1707 1332 1900 1390 appetitu
1921 1331 2133 1395 pollent,

371 1403 424 1451 ὅτ.
449 1399 594 1462 quod
618 1397 964 1459 consequitur,
990 1397 1250 1454 cognitione,
1273 1394 1465 1450 &senfin
1550 1393 1725 1458 Qem
1744 1395 1879 1441 enim
1901 1395 2021 1442 latet
2041 1396 2135 1444 im-

367 1464 610 1528 placabile
631 1461 829 1513 odium‚
845 1475 950 1523 quo
967 1459 1076 1506 Vitis
1098 1458 1320 1518 Brafficam
1343 1456 1524 1519 refugit
1538 1458 1565 1510 ‚⁶
1591 1469 1644 1504 ut
1661 1456 1795 1513 juxta
1815 1458 2023 1522 plantari
2042 1474 2134 1509 no-

369 1529 455 1578 lit?
477 1541 630 1587 quem
647 1526 774 1588 fugi-t
793 1523 949 1572 fatalis
961 1524 1232 1572 inimicitia,
1250 1536 1348 1583 qua
1362 1521 1505 1570 Oliva,
1523 1523 1571 1570 ὅ(
1586 1521 1730 1566 Caules
1741 1523 1868 1569 inter
1885 1520 1980 1568 sese
1999 1519 2131 1573 ade&

372 1589 618 1643 diffident,
642 1601 695 1637 ut
715 1587 846 1644 juxta
869 1588 958 1634 seri
980 1600 1302 1647 nequaquam
1323 1581 1615 1632 sustineant?
1649 1582 2043 1638 fic,Dioscoride
2065 1597 2133 1635 te-

371 1651 469 1706 ste,
491 1656 679 1711 Qercm
700 1650 902 1698 exosam
935 1647 1066 1696 adeo
1086 1648 1238 1696 habet
1256 1649 1431 1692 Nucem
1452 1647 1721 1704 juglandem,
1747 1661 1802 1694 ut
1829 1648 1962 1702 juxta
1993 1648 2132 1697 illam

372 1715 564 1766 consita
576 1713 867 1763 extabescat.
936 1712 1015 1760 Sic
1029 1711 1278 1760 Arundim's,
1295 1712 1344 1758 ὅτ
1371 1709 1516 1754 Filicz's
1537 1720 1673 1756 tanta
1686 1708 2016 1762 discordi-amr
2032 1726 2130 1760 una

371 1781 581 1828 alteram
603 1790 798 1826 enecet:
836 1791 956 1824 nam
981 1775 1109 1838 perit
1125 1772 1242 1826 filix,
1263 1787 1418 1834 quarn
1441 1769 1598 1835 paulo
1624 1771 1881 1837 copiosior
1917 1775 2131 1822 circum-

372 1840 470 1892 stat
484 1842 708 1894 arundo,
735 1843 785 1891 ὃς
811 1840 914 1904 pari
934 1840 1056 1886 Fato
1082 1835 1327 1884 evanescit·
1345 1834 1567 1886 arundo,
1590 1850 1743 1896 quam
1769 1836 1926 1883 multa
1948 1834 2048 1883 filix
2074 1839 2127 1888 in

373 1906 557 1956 orbem
576 1907 747 1968 cingit.
832 1900 948 1951 lmo
974 1901 1068 1949 fert
1088 1901 1236 1948 Fama
1252 1931 1264 1950 ,
1285 1897 1506 1945 radicem
1535 1896 1673 1947 filicis
1691 1896 1956 1947 contusam
1987 1913 2131 1950 arun·

374 1971 521 2020 dinea
544 1968 750 2035 spicula,
771 1966 977 2030 corpori
1009 1962 1411 2019 infix215÷‘{‘ticere:
1450 1963 1497 2009 ὅ(
1522 1959 1557 2008 fi
1589 1959 1717 2009 filice
1746 1965 1945 2010 vomeri
1963 1963 2129 2028 impo-

374 2032 477 2088 fita,
499 2046 662 2082 aretur
680 2046 903 2094 campus,
918 2027 1110 2091 nullam
1129 2025 1425 2074 arundinem
1451 2029 1846 2087 progermi‘nare.
1910 2025 2127 2082 Contra,

375 2112 530 2160 quem
559 2097 685 2160 fugit
703 2110 851 2142 amor
868 2093 949 2139 ille
972 2104 1201 2143 mutuus,
1224 2104 1329 2151 quo
1347 2087 1457 2135 Vitis
1479 2087 1789 2150 prosequitur
1802 2087 1991 2139 Ulmum,
2007 2088 2131 2140 reste

378 2163 635 2225 Satyric03
658 2157 823 2212 stratue
854 2157 972 2202 humi
989 2156 1153 2215 palmes
1180 2156 1328 2199 vidum
1356 2151 1559 2208 desiderat
1571 2153 1754 2199 Ulmos!
1802 2153 1910 2215 quis
1929 2153 2130 2215 ignorat

376 2226 601 2274 amicitiae
623 2222 1009 2280 foedus,Myrtum
1030 2221 1226 2270 inter,&
1242 2213 1827 2267 Olivam,0l2·vam,&ficum
1843 2215 1932 2264 ?fic
1943 2216 2128 2268 hedera

375 2289 566 2353 adrepit
588 2287 652 2334 acl
672 2280 1038 2345 arbores,easq;
1069 2283 1238 2329 amico
1260 2279 1532 2343 complexu
1550 2274 1758 2343 stringit..
1822 2280 1902 2328 Sic
1927 2281 2126 2331 Allium

378 2352 654 2416 depereunt
670 2348 806 2400 rosae,
830 2350 882 2397 ὅ(
901 2349 954 2394 in
974 2347 1074 2403 ejus
1093 2344 1352 2393 consortio
1375 2353 1561 2390 acuunt
1582 2343 1823 2393 odorem*
1887 2343 1966 2392 Sic
1984 2346 2121 2397 Scilla,

376 2410 734 2479 Theophrasto
757 2410 1020 2462 Authore,
1054 2410 1214 2456 amica
1247 2403 1314 2454 est
1342 2406 1608 2471 omnibuss
1644 2422 1765 2455 nam
1785 2406 2031 2469 quidquid
2055 2408 2125 2458 illi

379 2475 740 2543 adplantaverit
761 2475 1020 2527 Olitor-‚in
1042 2473 1142 2530 ejus
1163 2472 1397 2538 societate
1409 2471 1550 2518 citius
1572 2471 1765 2524 crescit,
1785 2473 1835 2520 ὃς
1857 2473 2119 2535 germinat.

379 2545 566 2606 Neque
586 2538 670 2592 hic
691 2541 828 2597 iuvat
851 2551 1289 2591 commemorare,
1309 2532 1454 2599 quod
1484 2534 1662 2601 plantae
1694 2529 1834 2598 aeque
1848 2567 1862 2590 ,
1893 2549 1950 2583 ac
1972 2535 2125 2606 Bruta

1909 2612 2062 2648 noina
