2222 2905
370 82 434 116 ιο
878 60 1156 121 Maufialaeum
1189 57 1554 120 Peripateticum.

303 158 602 215 Philolaum
635 158 688 209 &
713 154 947 208 Euritum
969 187 982 209 ,
1012 155 1064 203 in
1095 166 1337 218 magnam
1368 150 1619 202 Graeciam
1649 148 1937 202 contendit:
1975 162 2093 202 nec-

309 226 439 275 dum
467 225 622 276 satur,
648 215 1105 287 Gymnosophistas
1139 218 1192 266 in
1227 216 1414 265 ultimis
1438 214 1587 271 Indijs
1619 212 1976 280 investigasset,
2004 213 2097 266 nisi

311 291 489 343 Sagara
512 285 696 338 Pallas,
722 294 956 349 togatum
984 281 1242 331 Clientem
1258 313 1273 334 ,
1295 275 1464 327 strictis
1484 279 1636 326 etiam
1655 280 1806 327 armis
1821 312 1833 333 ,
1865 278 2100 330 inhibuiss·

310 340 405 401 set‘?
439 351 556 399 hinc
585 352 637 398 in
658 348 934 413 AEgyptum
957 344 1118 397 flexit,
1155 343 1242 392 ubi
1260 342 1413 391 sacras
1431 342 1704 406 Scripturas
1727 341 1944 391 didieiffe
1966 339 2100 391 testis

115 412 244 461 Sero*
315 409 385 464 est
404 415 643 463 Clemens
668 409 1038 461 Alexandrinus
1055 441 1067 461 ,
1092 406 1120 456 a
1150 405 1332 469 quibus
1363 416 1564 453 tantum
1587 404 1790 454 luminis
1817 409 1869 456 ὅ(
1897 407 2102 471 Sapien-

110 486 281 527 wat-1·
314 483 391 528 tiae
413 476 598 531 hausit,
623 488 678 525 ut
698 474 892 538 vulgari
911 471 1228 536 cognomine
1250 468 1423 518 Moses
1444 466 1838 518 Atheniensium
1855 469 2065 518 audiret.

442 540 641 591 LEUC:
729 539 981 588 Mirentur
1018 534 1095 600 alii
1123 546 1228 582 tam
1266 531 1536 581 sublimem
1577 532 1630 580 in
1667 531 1872 582 ethnico
1915 531 2099 598 Sopho

311 607 611 658 scientiam,
640 618 738 666 ego
761 601 987 650 Scientiae
1008 597 1236 662 demiror
1261 595 1526 644 ardorem:
1571 593 1841 660 repudium
1859 600 2103 647 omnium

310 679 601 720 mereretur
638 662 989 729 Philosophia,
1015 658 1069 711 ni
1097 659 1347 710 doctorali
1387 658 1610 713 annulo,
1643 657 1731 708 fibi
1769 658 2102 725 desponsasset

313 733 454 786 hune
476 746 710 797 procum.
812 727 913 777 Sed
941 742 1029 775 cur
1052 725 1234 790 frigent
1255 723 1356 781 jam
1382 723 1650 787 tempora?
1687 739 1751 772 an
1775 723 2105 789 Philosophia

315 798 368 848 in
387 811 531 861 rugas
556 790 676 844 abiit
689 784 1135 853 vetula,aetatisque
1155 789 1385 838 nativum
1407 785 1620 853 perdidit
1634 783 1907 837 decorem?
1941 790 2101 835 MEL:

315 859 464 913 absi—t,
487 874 596 907 non
616 856 857 923 perdidit,
877 854 960 903 sed
983 855 1130 903 auxit.
1200 852 1311 902 Alit
1333 855 1384 903 ὃς
1409 847 1580 900 nostra
1600 862 1713 900 aetas
1731 851 1990 903 Platones,
2013 852 2103 915 qui

316 924 412 975 suis
434 939 544 971 non
563 918 680 971 raro
701 920 919 984 Tymaeis
944 916 1109 967 utilius
1130 915 1492 982 impallescunt.
1562 915 1612 963 Si
1634 927 1804 964 tamen
1818 949 1831 970 ,
1847 915 1992 979 quod
2010 916 2107 964 mi·

317 983 459 1038 nime
479 985 712 1051 suspicor,
737 983 824 1033 sub
849 981 1049 1032 famoso
1070 994 1245 1047 ponte,
1267 981 1511 1030 detineret
1532 977 1783 1042 quosdam
1801 981 2006 1044 ignaviae
2030 994 2105 1028 re-

318 1067 498 1103 mora,
529 1064 639 1097 non
661 1045 780 1098 ideo
804 1047 1057 1111 Peripatus
1087 1057 1281 1094 rueret:
1335 1044 1622 1092 contemnit
1654 1043 1906 1099 ejusmodi
1938 1043 2107 1092 caudi-

317 1129 402 1164 ces
421 1112 746 1177 Philosophia
761 1145 775 1166 ,
796 1112 883 1174 qui
911 1125 1022 1158 non
1045 1108 1132 1157 nifi'
1160 1124 1217 1156 ex
1241 1110 1353 1156 otio
1375 1107 1645 1172 pullulant,
1669 1104 1996 1170 crescuntque
2018 1107 2107 1155 Pa·-

313 1178 428 1245 pho
444 1211 455 1232 ,
477 1193 586 1226 non
608 1176 790 1226 Pindo.
862 1174 920 1223 Id
941 1186 1113 1221 tamen
1135 1171 1424 1223 fatendum,
1448 1167 1592 1233 quod
1616 1169 1650 1218 si
1669 1170 1980 1219 revivisceret
1999 1170 2108 1219 Pla-

317 1255 378 1291 to
392 1279 403 1293 ‚
426 1242 688 1290 miraretur
705 1273 716 1293 ,
742 1236 1121 1302 Philosophiam
1143 1247 1223 1284 tot
1239 1237 1292 1283 in
1316 1236 1479 1298 regnis
1509 1232 1537 1282 ὲ
1557 1233 1604 1281 se
1626 1232 1905 1296 quaesitam,
1927 1233 1989 1282 ab
2010 1233 2110 1283 his-

315 1320 408 1360 ce,
434 1305 590 1354 tribus
614 1304 737 1368 saepe
766 1299 977 1367 paffibus
999 1296 1264 1348 distantem
1295 1298 1495 1361 negligi.
1594 1298 1827 1362 Stuperet
1856 1296 2107 1362 Pythago·

318 1384 397 1420 ras
412 1403 423 1422 ,
443 1369 602 1422 illam,
628 1378 786 1430 quam·
801 1399 815 1420 ,
838 1360 1025 1413 desert&
1048 1359 1238 1415 Patria,
1263 1363 1576 1426 peregrinam
1594 1357 1940 1426 investigfiffet,
1953 1360 2014 1409 ab
2036 1362 2110 1409 in·

321 1433 511 1482 ertibus
535 1428 765 1483 fastidiri,
791 1444 902 1478 non
921 1425 1037 1476 raro
1069 1422 1430 1475 domesticam:
1486 1424 1801 1487 Apollonius
1829 1424 2039 1479 diceret,
2057 1423 2111 1472 sc

316 1496 512 1551 Persas,
535 1493 846 1546 Caucasum,
873 1491 1107 1541 Albanos
1126 1523 1139 1544 ,
1165 1487 1398 1554 Scythas,
1425 1488 1718 1552 Meflagetas
1747 1500 2105 1553 pervagatum,

312 1561 533 1610 vtandem
560 1555 746 1610 venisse
770 1556 834 1606 ad
866 1555 1275 1608 Brachmannos,
1311 1564 1366 1601 ut
1390 1552 1720 1601 Hierarcham
1748 1556 1800 1601 in
1824 1551 2017 1601 throno
2037 1550 2107 1599 sc·

322 1624 533 1673 dentem
555 1638 739 1674 aureo,
774 1624 825 1670 <Sc
849 1620 912 1683 de
935 1619 1134 1668 Tantali
1158 1618 1304 1667 fonte
1332 1628 1626 1683 potantem,
1647 1631 1835 1681 paucos
1874 1616 2002 1663 inter
2035 1614 2103 1663 di-

322 1686 562 1752 scipulos,
594 1687 657 1736 de
688 1698 841 1735 motu
860 1683 1081 1734 siderum
1106 1682 1427 1732 auscultaret:
1479 1680 1597 1731 inde
1658 1695 1710 1729 cr
1730 1680 1993 1733 ElamitaS,
2016 1677 2111 1727 Ba-

320 1753 590 1817 bylonios,
615 1750 805 1800 Medos
820 1783 833 1804 ,
858 1744 1111 1812 AffyriOS,
1134 1744 1363 1800 Parthos,
1383 1746 1563 1810 Syros,
1587 1744 1622 1794 P
1662 1745 1835 1793 aenices
1851 1776 1863 1798 ,
1883 1741 2106 1797 ArabeS‚

322 1813 599 1866 Palestinos
622 1815 876 1864 reversum
910 1812 1061 1876 usque
1096 1810 1459 1876 Alexandriam
1479 1842 1495 1864 ,
1530 1807 1742 1857 demum
1809 1805 2029 1855 errexiffe
2053 1808 2107 1855 in

324 1879 667 1944 AEthiopiam,
694 1888 750 1926 ut
785 1870 1239 1942 Gymnosophistas
1279 1873 1503 1924 audiret,
1538 1873 1589 1935 ᾧ(
1616 1882 1697 1921 tot
1735 1823 1945 1935 elpoquijs
1980 1870 2107 1919 cele-

324 1943 474 1995 brem
502 1944 631 1992 Solis
652 1941 880 1990 mensam
899 1939 1091 1990 videret
1109 1940 1161 2001 in
1185 1935 1390 2003 Sabulo.
1491 1935 1633 2001 Qid
1661 1935 1724 1984 ad
1749 1932 1855 1984 haee
1882 1933 2107 1984 dicerent

326 2003 642 2055 calamistrati
664 2039 676 2059 ,
704 2020 835 2069 quos
859 2007 952 2058 ais,
991 2002 1182 2067 ephaebi
1209 1999 1405 2067 potius,
1437 1999 1593 2063 quam
1612 1994 1803 2064 Sophi?
1853 1995 2106 2052 dicerent,

327 2072 384 2132 ‘ijn
408 2072 584 2136 Lyceis
606 2070 686 2119 vel
709 2070 952 2134 gynaeeeis
977 2064 1182 2115 mollins
1207 2065 1303 2114 sese
1330 2065 1520 2113 latitare
1551 2074 1672 2113 cum
1703 2060 1906 2112 Achille
1930 2062 2107 2111 mulie-

324 2133 407 2182 bri
427 2134 512 2183 sub
536 2132 737 2186 habitu,
758 2145 844 2181 aut
861 2131 895 2180 si
922 2132 1107 2180 invitos
1134 2129 1198 2178 ad
1220 2128 1350 2178 bella
1367 2138 1578 2192 <cogeret
1603 2124 1784 2191 Pallas,
1807 2125 2040 2191 navigare
2059 2126 2106 2175 se

330 2198 567 2261 quidem,
590 2197 672 2246 sed
701 2196 852 2260 usque
874 2196 1131 2260 Cyprum,
1161 2193 1245 2242 ubi
1273 2192 1578 2242 dediscerent
1607 2188 1757 2245 foris,
1783 2190 1927 2253 quod
1958 2187 2107 2240 domi

329 2262 497 2312 obiter
542 2259 830 2309 didicissent.
943 2254 1097 2308 Certe
1129 2256 1217 2306 nisi
1255 2252 1440 2318 melior
1474 2254 1620 2304 turba
1659 2251 1948 2303 sustentaret
1973 2254 2104 2304 Peri-

324 2340 502 2395 patum
522 2362 535 2385 ,
571 2325 802 2388 Stagirita
828 2322 1035 2387 ipsemet
1073 2327 1336 2386 revocaret
1356 2353 1369 2375 ,
1401 2315 1801 2384 demonstratam
1833 2317 1920 2368 fibi
1950 2320 2102 2368 toties

133 2404 169 2451 ι,
193 2400 292 2447 Me,
327 2408 586 2448 unomen,
619 2384 767 2455 quod
795 2387 1047 2432 mortalium
1076 2387 1218 2448 quivi&
1249 2385 1453 2447 Scientiaes
1475 2394 1649 2446 appetat
1671 2417 1684 2437 ,
1720 2381 1843 2446 cum
1870 2398 1982 2435 non
2014 2376 2104 2434 nili

138 2465 256 2528 tuph.
322 2431 605 2514 fiertendm
631 2450 818 2507 destos
838 2448 952 2505 sore
970 2449 1016 2500 se
1034 2449 1256 2516 sperent,
1272 2446 1486 2500 infames
1513 2442 1589 2498 isti
1614 2446 1841 2501 Hesiodi,

1835 2573 2033 2634 LEUC:
2082 2625 2084 2628 .
