2177 2905
48 5 65 23 γε
88 0 182 19 t·-

0 0 85 117 l*
192 37 203 50 ·

0 126 13 178 {⁵3
108 125 118 161 f
659 166 667 174 ,
711 108 919 162 ,Ariadne
945 101 1135 170 Physica.
1641 103 1735 155 157

0 222 19 234 ‘-
54 206 412 273 antipathicam
441 204 598 260 litem,
617 200 993 272 amicitiamque
1010 194 1387 264 sympathicam,
1411 185 1802 265 eit-qualitatibus

0 297 14 303 ·-
55 273 226 336 primis
240 303 253 325 ,
273 269 520 323 secundis,
539 281 625 318 aut
643 269 793 316 etiam
809 267 959 323 tertijs
981 263 1128 316 oriri,
1149 276 1269 323 quas
1288 263 1626 309 innominatas
1637 265 1804 300 nomi-

56 349 179 383 nant
197 333 456 384 Authores
467 335 518 382 in
534 333 767 396 Peripato
778 325 1158 380 nominatissimi
1169 327 1184 373 ἓ
1197 325 1307 388 quis
1318 355 1333 377 ,
1351 323 1560 392 inquam
1571 349 1585 371 ‚
1598 313 1684 386 ista
1693 325 1805 362 non

11 434 16 436 ἡ
59 398 222 452 videt,
246 396 281 446 si
301 396 496 451 videat,
527 393 671 456 quod
695 394 845 443 flores
866 390 1049 441 Phoebi
1069 388 1238 439 calore
1251 386 1390 435 hient
1405 418 1419 438 ‚
1454 380 1598 445 quod
1617 379 1806 448 frigore

57 461 484 526 comprimantur:
522 456 668 521 quod
690 459 798 506 vitis
820 454 985 505 calido
1003 452 1298 504 delcitetttr,
1320 452 1370 499 ὃς
1391 445 1660 496 abhorreat
1677 442 1808 513 sr1g1-

59 519 421 585 dis,.ide<')que
458 519 671 570 brafficae
702 521 864 570 vicina
894 518 1161 583 pampinos
1185 510 1477 564 contrahat,
1508 523 1565 556 ac
1589 505 1704 553 deni
1741 514 1808 549 ue

57 585 327 635 exarescat?
363 586 469 648 quis
487 585 688 649 negabit
705 583 897 632 subtilia
919 593 1169 646 vaporum
1194 575 1390 627 effluvia
1405 607 1418 630 ,
1439 572 1472 623 fi
1499 569 1688 625 videat,
1754 579 1808 614 0-

57 665 131 698 res
146 683 160 701 ,
181 652 229 699 ὅ(
244 648 429 697 fruetus
443 681 456 701 ‚
475 643 747 711 succosque
766 646 908 700 alios,
923 645 1281 708 evaporatione
1301 634 1677 700 nimiffitandem
1695 631 1810 684 flac-

58 714 274 762 cescere?
310 711 342 760 fi
363 715 414 760 in
438 713 484 760 se
503 711 609 776 ipso
629 712 919 774 experiatur,
932 709 1039 772 plus
1061 723 1159 756 una
1179 707 1256 755 die
1279 721 1364 771 per
1381 703 1640 770 hyemem,
1656 696 1813 764 quam

61 778 421 839 quinquaginta
450 776 619 824 uncias
643 774 688 823 se
714 773 939 823 exhalare
966 773 980 820 ἒ
1027 770 1061 822 fi
1089 771 1368 820 metallicos
1388 769 1592 818 halitus,
1622 763 1811 813 cunetis

61 839 357 888 animalibus
375 837 546 886 sentiat
565 839 799 886 inimicos
811 870 824 890 ,
847 831 1077 901 ipsosque
1102 831 1129 884 ὲ
1150 834 1335 883 fodinis
1350 831 1538 881 odores
1558 828 1733 886 iisdem
1749 826 1815 875 esi

59 902 106 950 se
128 899 384 966 pestiferos
408 903 423 949 ἒ
457 899 564 950 haec
585 903 760 950 omnia
782 912 889 948 tam
912 897 1187 948 contestata
1208 895 1522 961 Philosopho
1545 907 1662 942 reor
1684 924 1696 946 ,
1732 900 1814 943 ut,

62 965 311 1029 epomidis
328 964 450 1013 loco
466 997 478 1020 ,
501 964 653 1014 Mida:
675 966 879 1012 meritus
894 962 951 1012 fit
967 963 1264 1028 appendices
1277 994 1290 1016 ,
1312 962 1397 1023 qui
1408 957 1539 1008 adeo
1552 957 1681 1005 clara
1695 952 1817 1003 ausit

60 1042 300 1077 revocare
318 1029 368 1075 in
393 1027 621 1075 dubium.
748 1029 904 1072 MEL:
974 1026 1047 1074 Ita
1077 1023 1169 1074 est:
1208 1027 1258 1073 ὃ(
1278 1039 1334 1071 ex
1361 1024 1435 1072 his
1460 1021 1660 1071 facilem
1678 1018 1813 1067 sorti·

61 1103 211 1140 untur
225 1090 441 1153 analysin
458 1091 682 1155 plurimae
706 1091 1012 1154 experientiae
1027 1122 1039 1141 ,
1060 1103 1180 1152 quas
1196 1090 1257 1135 ad
1269 1088 1530 1151 Magicum
1543 1081 1817 1147 tripodem,

62 1166 147 1204 aut
167 1153 390 1203 astion&
411 1156 463 1201 in
487 1149 689 1203 distans,
711 1153 976 1216 indignum
993 1150 1305 1214 Philosopho
1325 1159 1685 1199 commentum
1698 1178 1712 1200 ‚
1725 1146 1821 1192 im-

62 1219 204 1283 periti
225 1216 461 1279 relegant.
532 1218 670 1265 Nam
687 1216 808 1278 quid
827 1216 1013 1263 mirum
1034 1249 1047 1270 ,
1069 1213 1213 1278 quod
1230 1214 1418 1262 infesto
1441 1211 1597 1262 halitu
1615 1209 1821 1274 lippien-

64 1293 152 1335 tes,
174 1283 224 1330 &
244 1281 390 1329 olidae
413 1280 474 1329 ab
490 1279 634 1328 hirco
653 1280 829 1329 vetulae
851 1279 1030 1342 speculi
1045 1282 1264 1327 nitorem
1279 1274 1657 1327 contaminent?
1677 1268 1823 1334 quod

62 1340 279 1410 aspeeffis
303 1344 549 1404 squallore
584 1345 763 1391 tetrico
801 1344 1013 1391 infantes
1037 1353 1279 1395 terreant,
1324 1340 1402 1389 vel
1436 1340 1586 1386 etiam
1612 1333 1821 1390 effluvijs

63 1416 320 1458 venenatis
340 1406 563 1456 inficiant
577 1440 589 1461 ,
610 1406 822 1455 infestos
839 1407 1050 1454 necent?
1086 1406 1226 1472 Qid
1246 1406 1433 1453 mirum
1446 1436 1459 1457 ,
1480 1398 1624 1464 quod
1637 1396 1820 1462 aspides

62 1485 317 1521 venenato
338 1471 532 1535 aspedtu
552 1482 773 1519 noceant
793 1489 805 1523 ς
852 1467 996 1532 quod
1020 1469 1212 1533 serpens
1231 1467 1382 1517 Ibidis
1410 1461 1574 1531 penna
1598 1459 1786 1511 sistatur
1807 1474 1819 1506 t

63 1533 209 1598 quod
230 1550 404 1598 pennae
427 1536 599 1582 avium
623 1546 831 1587 caeterae,
864 1534 1037 1597 pennis
1056 1533 1229 1595 aquilae
1253 1532 1542 1579 commixtae
1564 1525 1824 1575 absuman-

58 1600 175 1665 tur?
189 1595 333 1661 quod
352 1599 559 1662 Leporis
578 1596 957 1660 mai·iniaspe6‘cu
980 1607 1251 1644 enecentur
1263 1594 1453 1645 nautae?
1488 1588 1633 1654 quod
1645 1587 1827 1636 fidibus

64 1663 244 1726 lupinis
259 1694 272 1715 ,
293 1660 326 1709 fi
340 1665 576 1725 agninam
597 1656 730 1708 forte
756 1662 957 1710 afl'ocies
974 1693 987 1714 ,
1007 1659 1113 1708 haec
1135 1674 1258 1707 mox
1275 1658 1382 1706 fato
1396 1654 1824 1716 mirabilirumpa-

65 1738 171 1780 tur,
190 1736 340 1787 atque
363 1723 580 1773 dissiliat?
617 1739 725 1787 quat
753 1725 928 1773 omnia
952 1722 1262 1788 antipathicae
1283 1722 1450 1771 virtuti
1465 1752 1478 1774 ,
1506 1720 1556 1767 &
1579 1715 1824 1779 qualitati-

65 1789 158 1837 bus
181 1803 267 1852 per
286 1789 487 1838 occulta
517 1786 716 1838 effluvia
739 1786 919 1838 diffusis
934 1819 946 1840 ,
967 1789 1261 1848 neutiquam
1280 1787 1413 1833 inani
1432 1780 1720 1832 ratiocinio,
1739 1776 1824 1825 ad-

66 1851 227 1900 scribit
246 1850 581 1914 Philosophia.
698 1852 755 1899 Id
777 1864 950 1898 tamen
968 1851 1135 1897 nolim
1162 1852 1229 1896 ire
1251 1847 1438 1895 inficias
1463 1878 1476 1898 ,
1507 1842 1743 1906 superesse
1771 1841 1824 1889 ὃς

67 1915 191 1962 alios
209 1913 378 1962 fontes
393 1947 406 1966 ,
433 1910 460 1961 ὲ
478 1914 657 1977 quibus
678 1913 745 1960 sat
767 1912 960 1974 liquido
987 1912 1145 1959 solvas
1167 1910 1413 1973 paradoxa
1430 1909 1610 1971 Magiae
1630 1916 1824 1952 natura-

67 1979 122 2026 lis
144 1976 518 2026 Phoenomcna.
595 1973 676 2024 Est
696 1976 938 2040 imprimis
960 1973 1232 2022 similitudo
1248 2005 1260 2027 ,
1283 1972 1363 2034 vel
1387 1967 1825 2019 diffimilitudona-

68 2054 188 2090 turae
201 2075 215 2091 ‚
253 2055 362 2103 quae
387 2042 543 2088 miros
563 2044 614 2089 in
630 2041 859 2088 creaturis
870 2039 997 2103 parit
1015 2035 1215 2085 effeetus
1233 2053 1244 2084 2
1281 2035 1348 2083 nil
1363 2036 1497 2084 enim
1511 2028 1826 2095 Philosopho

16 2128 20 2130 ·
63 2101 224 2168 magis
245 2117 570 2168 compertum
584 2137 597 2157 ,
626 2102 780 2165 quam
795 2102 936 2164 quod
945 2100 1083 2160 simile
1096 2099 1229 2159 fimili
1232 2103 1434 2159 gaudeat,
1457 2113 1562 2160 quo
1579 2090 1722 2144 facile
1736 2108 1827 2141 nu-

67 2170 170 2216 triri
190 2168 313 2216 solet
334 2170 383 2217 δε
403 2169 620 2218 moveri.
719 2165 949 2215 Trahunt
961 2179 1018 2211 ex
1031 2160 1125 2212 isto
1147 2163 1291 2211 fonte
1312 2163 1448 2211 suam
1462 2163 1701 2210 virtutem
1714 2171 1827 2221 pur-

63 2233 226 2296 gantia
247 2230 541 2295 pharmaca;
576 2229 693 2279 hinc
710 2228 1112 2282 Rhebarbarum,
1136 2227 1205 2275 ob
1220 2227 1604 2290 homogeneam
1625 2236 1744 2270 cum
1758 2219 1828 2268 bi-

69 2296 116 2344 le
139 2295 367 2344 indolem
381 2328 393 2349 ,
432 2293 601 2344 diffusa
620 2294 854 2356 qualitate
872 2291 1144 2341 humorem
1159 2290 1293 2339 hunc
1311 2288 1508 2338 attrahit
1521 2320 1533 2341 ,
1560 2283 1828 2335 attraCtum

71 2356 286 2422 dissipat,
307 2357 587 2423 dissipatum
612 2369 870 2410 extenuat,
899 2371 954 2404 ac
976 2353 1268 2408 sibimiscet,
1283 2353 1404 2402 dum
1429 2350 1456 2400 a
1478 2346 1652 2400 natura
1667 2380 1680 2401 ,
1696 2361 1829 2396 onus

67 2422 170 2473 hoc
183 2421 458 2477 recusante,
475 2422 692 2484 denique
712 2421 1006 2469 secernatur.
1082 2420 1213 2468 Hinc
1233 2418 1358 2465 mira
1376 2415 1605 2468 Rubetae‚
1627 2415 1676 2462 ὅ(
1699 2410 1827 2458 Ara-

71 2487 153 2535 nei
175 2484 317 2534 odia:
353 2484 434 2534 hic
459 2488 595 2534 enim
625 2483 745 2533 cum
764 2485 902 2533 illam
931 2482 1262 2547 conspexerit,
1281 2477 1531 2530 continuo
1557 2474 1827 2526 delabitur,

75 2546 348 2617 stupefacit,
360 2552 552 2616 pungit,
573 2546 848 2614 necatque:
883 2562 979 2666 {iJec
997 2546 1079 2597 illa
1100 2561 1276 2599 coram
1288 2545 1475 2599 araneo
1492 2575 1506 2601 2
1524 2539 1612 2594 nisi
1635 2552 1721 2604 per
1747 2552 1827 2586 ru-

965 2624 990 2671 3
1655 2612 1762 2652 tam
