<?xml version="1.0" encoding="UTF-8"?>
<!DOCTYPE html PUBLIC "-//W3C//DTD XHTML 1.0 Transitional//EN"
    "http://www.w3.org/TR/xhtml1/DTD/xhtml1-transitional.dtd">
<html xmlns="http://www.w3.org/1999/xhtml" xml:lang="en" lang="en">
 <head>
  <title>
</title>
<meta http-equiv="Content-Type" content="text/html;charset=utf-8" />
  <meta name='ocr-system' content='tesseract 3.04.00' />
  <meta name='ocr-capabilities' content='ocr_page ocr_carea ocr_par ocr_line ocrx_word'/>
</head>
<body>
  <div class='ocr_page' id='page_1' title='image "./peripateticusnos00sch_0526.png"; bbox 0 0 2177 2905; ppageno 0'>
   <div class='ocr_carea' id='block_1_1' title="bbox 383 66 1520 140">
    <p class='ocr_par' dir='ltr' id='par_1_1' title="bbox 383 66 1520 140">
     <span class='ocr_line' id='line_1_1' title="bbox 383 66 1520 140; baseline 0.002 -15"><span class='ocrx_word' id='word_1_1' title='bbox 383 87 480 129; x_wconf 71' lang='lat'>222</span> <span class='ocrx_word' id='word_1_2' title='bbox 859 66 1264 135; x_wconf 67' lang='lat' dir='ltr'>Techndphytacium</span> <span class='ocrx_word' id='word_1_3' title='bbox 1284 75 1520 140; x_wconf 81' lang='lat' dir='ltr'>Phyficum.</span> 
     </span>
    </p>
   </div>
   <div class='ocr_carea' id='block_1_2' title="bbox 323 166 2096 1372">
    <p class='ocr_par' dir='ltr' id='par_1_2' title="bbox 323 166 2096 1372">
     <span class='ocr_line' id='line_1_2' title="bbox 323 166 2074 236; baseline -0.005 -5"><span class='ocrx_word' id='word_1_4' title='bbox 323 182 384 231; x_wconf 86' lang='lat' dir='ltr'>tis</span> <span class='ocrx_word' id='word_1_5' title='bbox 414 176 522 225; x_wconf 86' lang='lat' dir='ltr'>sunt</span> <span class='ocrx_word' id='word_1_6' title='bbox 540 171 681 225; x_wconf 85' lang='lat' dir='ltr'>Fata,</span> <span class='ocrx_word' id='word_1_7' title='bbox 704 169 791 219; x_wconf 89' lang='lat' dir='ltr'>ubi</span> <span class='ocrx_word' id='word_1_8' title='bbox 813 169 1045 220; x_wconf 85' lang='lat' dir='ltr'>indolem</span> <span class='ocrx_word' id='word_1_9' title='bbox 1070 171 1133 220; x_wconf 86' lang='lat' dir='ltr'>ad</span> <span class='ocrx_word' id='word_1_10' title='bbox 1151 170 1482 236; x_wconf 77' lang='lat' dir='ltr'>Philosophiae</span> <span class='ocrx_word' id='word_1_11' title='bbox 1514 166 1670 219; x_wconf 90' lang='lat' dir='ltr'>studia</span> <span class='ocrx_word' id='word_1_12' title='bbox 1693 170 1970 222; x_wconf 83' lang='lat' dir='ltr'>tardiorem</span> <span class='ocrx_word' id='word_1_13' title='bbox 1992 172 2074 223; x_wconf 85' lang='lat' dir='ltr'>ad-</span> 
     </span>
     <span class='ocr_line' id='line_1_3' title="bbox 324 230 2075 301; baseline -0.002 -11"><span class='ocrx_word' id='word_1_14' title='bbox 324 240 489 293; x_wconf 88' lang='lat' dir='ltr'>vertit,</span> <span class='ocrx_word' id='word_1_15' title='bbox 504 249 634 299; x_wconf 90' lang='lat' dir='ltr'>pene</span> <span class='ocrx_word' id='word_1_16' title='bbox 660 230 927 282; x_wconf 87' lang='lat' dir='ltr'>stationem</span> <span class='ocrx_word' id='word_1_17' title='bbox 948 233 1085 283; x_wconf 88' lang='lat' dir='ltr'>suam</span> <span class='ocrx_word' id='word_1_18' title='bbox 1097 237 1241 299; x_wconf 87' lang='lat' dir='ltr'>Tyro</span> <span class='ocrx_word' id='word_1_19' title='bbox 1257 235 1482 283; x_wconf 86' lang='lat' dir='ltr'>deseruit.</span> <span class='ocrx_word' id='word_1_20' title='bbox 1550 232 1667 284; x_wconf 81' lang='lat' dir='ltr'>Imo</span> <span class='ocrx_word' id='word_1_21' title='bbox 1680 235 1779 292; x_wconf 82' lang='lat' dir='ltr'>jam</span> <span class='ocrx_word' id='word_1_22' title='bbox 1800 235 1975 300; x_wconf 84' lang='lat' dir='ltr'>fugam</span> <span class='ocrx_word' id='word_1_23' title='bbox 1994 252 2075 301; x_wconf 87' lang='lat' dir='ltr'>pa-</span> 
     </span>
     <span class='ocr_line' id='line_1_4' title="bbox 323 296 2077 363; baseline -0.005 -7"><span class='ocrx_word' id='word_1_24' title='bbox 323 303 467 356; x_wconf 87' lang='lat' dir='ltr'>ranti,</span> <span class='ocrx_word' id='word_1_25' title='bbox 486 302 536 349; x_wconf 73' lang='lat' dir='ltr'>&lt;Sc</span> <span class='ocrx_word' id='word_1_26' title='bbox 556 296 702 347; x_wconf 87' lang='lat' dir='ltr'>scalas</span> <span class='ocrx_word' id='word_1_27' title='bbox 720 298 1035 351; x_wconf 80' lang='lat' dir='ltr'>admoventi,</span> <span class='ocrx_word' id='word_1_28' title='bbox 1056 298 1193 348; x_wconf 87' lang='lat' dir='ltr'>Coeli</span> <span class='ocrx_word' id='word_1_29' title='bbox 1221 299 1342 347; x_wconf 82' lang='lat' dir='ltr'>scala</span> <span class='ocrx_word' id='word_1_30' title='bbox 1362 299 1526 363; x_wconf 83' lang='lat' dir='ltr'>Virgo</span> <span class='ocrx_word' id='word_1_31' title='bbox 1555 297 1601 346; x_wconf 89' lang='lat' dir='ltr'>se</span> <span class='ocrx_word' id='word_1_32' title='bbox 1620 300 1666 346; x_wconf 93' lang='lat' dir='ltr'>se</span> <span class='ocrx_word' id='word_1_33' title='bbox 1687 299 1898 356; x_wconf 83' lang='lat' dir='ltr'>obiecit,</span> <span class='ocrx_word' id='word_1_34' title='bbox 1920 298 2077 361; x_wconf 77' lang='lat' dir='ltr'>utque</span> 
     </span>
     <span class='ocr_line' id='line_1_5' title="bbox 325 360 2081 426; baseline -0.003 -9"><span class='ocrx_word' id='word_1_35' title='bbox 325 369 527 418; x_wconf 86' lang='lat' dir='ltr'>animos</span> <span class='ocrx_word' id='word_1_36' title='bbox 542 362 727 411; x_wconf 87' lang='lat' dir='ltr'>Clienti</span> <span class='ocrx_word' id='word_1_37' title='bbox 747 360 1079 414; x_wconf 83' lang='lat' dir='ltr'>fa-ceret,inter</span> <span class='ocrx_word' id='word_1_38' title='bbox 1092 362 1310 410; x_wconf 85' lang='lat' dir='ltr'>scientias</span> <span class='ocrx_word' id='word_1_39' title='bbox 1324 377 1505 410; x_wconf 89' lang='lat' dir='ltr'>omnes</span> <span class='ocrx_word' id='word_1_40' title='bbox 1531 364 1799 426; x_wconf 88' lang='lat' dir='ltr'>optionem</span> <span class='ocrx_word' id='word_1_41' title='bbox 1813 362 1976 411; x_wconf 86' lang='lat' dir='ltr'>facere</span> <span class='ocrx_word' id='word_1_42' title='bbox 1993 361 2081 420; x_wconf 82' lang='lat' dir='ltr'>jus-</span> 
     </span>
     <span class='ocr_line' id='line_1_6' title="bbox 324 423 2082 491; baseline -0.004 -10"><span class='ocrx_word' id='word_1_43' title='bbox 324 431 398 482; x_wconf 82' lang='lat' dir='ltr'>sit.</span> <span class='ocrx_word' id='word_1_44' title='bbox 438 427 596 491; x_wconf 83' lang='lat' dir='ltr'>Elegit</span> <span class='ocrx_word' id='word_1_45' title='bbox 615 425 696 473; x_wconf 86' lang='lat' dir='ltr'>ille</span> <span class='ocrx_word' id='word_1_46' title='bbox 716 423 1110 489; x_wconf 76' lang='lat' dir='ltr'>Philosophiam,</span> <span class='ocrx_word' id='word_1_47' title='bbox 1127 429 1175 476; x_wconf 66' lang='grc' dir='ltr'>ὃς</span> <span class='ocrx_word' id='word_1_48' title='bbox 1195 441 1349 488; x_wconf 86' lang='lat' dir='ltr'>quam</span> <span class='ocrx_word' id='word_1_49' title='bbox 1373 425 1534 489; x_wconf 84' lang='lat' dir='ltr'>elegit,</span> <span class='ocrx_word' id='word_1_50' title='bbox 1547 425 1790 475; x_wconf 82' lang='lat' dir='ltr'>obtinuit:</span> <span class='ocrx_word' id='word_1_51' title='bbox 1825 441 1890 474; x_wconf 93' lang='lat' dir='ltr'>ne</span> <span class='ocrx_word' id='word_1_52' title='bbox 1909 437 2082 474; x_wconf 85' lang='lat' dir='ltr'>tamen</span> 
     </span>
     <span class='ocr_line' id='line_1_7' title="bbox 327 487 2082 552; baseline -0.002 -10"><span class='ocrx_word' id='word_1_53' title='bbox 327 494 415 545; x_wconf 83' lang='lat' dir='ltr'>fibi</span> <span class='ocrx_word' id='word_1_54' title='bbox 436 491 566 540; x_wconf 87' lang='lat' dir='ltr'>hanc</span> <span class='ocrx_word' id='word_1_55' title='bbox 582 487 892 542; x_wconf 80' lang='lat' dir='ltr'>adscriberet,</span> <span class='ocrx_word' id='word_1_56' title='bbox 909 492 1227 552; x_wconf 87' lang='lat' dir='ltr'>repetituram</span> <span class='ocrx_word' id='word_1_57' title='bbox 1253 489 1298 536; x_wconf 83' lang='lat' dir='ltr'>se</span> <span class='ocrx_word' id='word_1_58' title='bbox 1318 487 1455 537; x_wconf 92' lang='lat' dir='ltr'>dona</span> <span class='ocrx_word' id='word_1_59' title='bbox 1473 489 1570 543; x_wconf 88' lang='lat' dir='ltr'>sua,</span> <span class='ocrx_word' id='word_1_60' title='bbox 1585 491 1802 538; x_wconf 90' lang='lat' dir='ltr'>triennio</span> <span class='ocrx_word' id='word_1_61' title='bbox 1817 502 1932 538; x_wconf 88' lang='lat' dir='ltr'>ante</span> <span class='ocrx_word' id='word_1_62' title='bbox 1945 505 2082 540; x_wconf 88' lang='lat' dir='ltr'>mor-</span> 
     </span>
     <span class='ocr_line' id='line_1_8' title="bbox 328 551 2082 616; baseline -0.003 -9"><span class='ocrx_word' id='word_1_63' title='bbox 328 571 437 607; x_wconf 89' lang='lat' dir='ltr'>tem</span> <span class='ocrx_word' id='word_1_64' title='bbox 461 555 624 616; x_wconf 84' lang='lat' dir='ltr'>Virgo</span> <span class='ocrx_word' id='word_1_65' title='bbox 655 551 819 600; x_wconf 86' lang='lat' dir='ltr'>edixit.</span> <span class='ocrx_word' id='word_1_66' title='bbox 905 553 1079 614; x_wconf 84' lang='lat' dir='ltr'>Itaque</span> <span class='ocrx_word' id='word_1_67' title='bbox 1105 552 1342 600; x_wconf 88' lang='lat' dir='ltr'>Albertus</span> <span class='ocrx_word' id='word_1_68' title='bbox 1366 552 1470 605; x_wconf 86' lang='lat' dir='ltr'>ille,</span> <span class='ocrx_word' id='word_1_69' title='bbox 1494 568 1653 616; x_wconf 82' lang='lat' dir='ltr'>nuper</span> <span class='ocrx_word' id='word_1_70' title='bbox 1677 553 1914 601; x_wconf 89' lang='lat' dir='ltr'>omnium</span> <span class='ocrx_word' id='word_1_71' title='bbox 1938 553 2082 606; x_wconf 88' lang='lat' dir='ltr'>risus,</span> 
     </span>
     <span class='ocr_line' id='line_1_9' title="bbox 330 612 2083 688; baseline -0.002 -22"><span class='ocrx_word' id='word_1_72' title='bbox 330 636 418 688; x_wconf 90' lang='lat' dir='ltr'>per</span> <span class='ocrx_word' id='word_1_73' title='bbox 446 619 684 667; x_wconf 89' lang='lat' dir='ltr'>omnium</span> <span class='ocrx_word' id='word_1_74' title='bbox 715 631 805 663; x_wconf 91' lang='lat' dir='ltr'>ora</span> <span class='ocrx_word' id='word_1_75' title='bbox 832 630 965 663; x_wconf 86' lang='lat' dir='ltr'>nunc</span> <span class='ocrx_word' id='word_1_76' title='bbox 994 615 1193 670; x_wconf 84' lang='lat' dir='ltr'>volare,</span> <span class='ocrx_word' id='word_1_77' title='bbox 1219 612 1525 678; x_wconf 62' lang='lat' dir='ltr'>noerosque</span> <span class='ocrx_word' id='word_1_78' title='bbox 1552 619 1608 665; x_wconf 85' lang='lat' dir='ltr'>in</span> <span class='ocrx_word' id='word_1_79' title='bbox 1634 616 1858 679; x_wconf 85' lang='lat' dir='ltr'>pluribus</span> <span class='ocrx_word' id='word_1_80' title='bbox 1883 616 2083 665; x_wconf 81' lang='lat' dir='ltr'>Acade-</span> 
     </span>
     <span class='ocr_line' id='line_1_10' title="bbox 325 676 2081 743; baseline -0.003 -10"><span class='ocrx_word' id='word_1_81' title='bbox 325 684 462 738; x_wconf 18' lang='lat' dir='ltr'>milis,</span> <span class='ocrx_word' id='word_1_82' title='bbox 493 681 644 730; x_wconf 83' lang='lat' dir='ltr'>Fama</span> <span class='ocrx_word' id='word_1_83' title='bbox 676 680 919 728; x_wconf 86' lang='lat' dir='ltr'>Nominis</span> <span class='ocrx_word' id='word_1_84' title='bbox 956 678 1156 727; x_wconf 88' lang='lat' dir='ltr'>Orbem</span> <span class='ocrx_word' id='word_1_85' title='bbox 1195 679 1431 743; x_wconf 74' lang='lat' dir='ltr'>vimplere3</span> <span class='ocrx_word' id='word_1_86' title='bbox 1484 676 1595 728; x_wconf 77' lang='lat' dir='ltr'>imo</span> <span class='ocrx_word' id='word_1_87' title='bbox 1640 677 1826 735; x_wconf 74' lang='lat' dir='ltr'>Parisiis</span> <span class='ocrx_word' id='word_1_88' title='bbox 1856 679 2081 728; x_wconf 82' lang='lat' dir='ltr'>Philoso-</span> 
     </span>
     <span class='ocr_line' id='line_1_11' title="bbox 326 738 2085 814; baseline -0.003 -19"><span class='ocrx_word' id='word_1_89' title='bbox 326 747 498 814; x_wconf 86' lang='lat' dir='ltr'>phiam</span> <span class='ocrx_word' id='word_1_90' title='bbox 526 743 789 807; x_wconf 64' lang='lat' dir='ltr'>praelegere</span> <span class='ocrx_word' id='word_1_91' title='bbox 817 738 954 790; x_wconf 67' lang='lat' dir='ltr'>tanta</span> <span class='ocrx_word' id='word_1_92' title='bbox 985 741 1301 791; x_wconf 82' lang='lat' dir='ltr'>Auditorum</span> <span class='ocrx_word' id='word_1_93' title='bbox 1329 739 1707 805; x_wconf 46' lang='lat' dir='ltr'>frequentias&amp;</span> <span class='ocrx_word' id='word_1_94' title='bbox 1729 744 2005 794; x_wconf 75' lang='lat' dir='ltr'>concursu,</span> <span class='ocrx_word' id='word_1_95' title='bbox 2026 753 2085 790; x_wconf 88' lang='lat' dir='ltr'>ut</span> 
     </span>
     <span class='ocr_line' id='line_1_12' title="bbox 329 801 2084 869; baseline -0.003 -11"><span class='ocrx_word' id='word_1_96' title='bbox 329 808 623 862; x_wconf 74' lang='lat' dir='ltr'>Academiae</span> <span class='ocrx_word' id='word_1_97' title='bbox 665 801 896 869; x_wconf 76' lang='lat' dir='ltr'>angustiae</span> <span class='ocrx_word' id='word_1_98' title='bbox 937 805 1036 860; x_wconf 87' lang='lat' dir='ltr'>iam</span> <span class='ocrx_word' id='word_1_99' title='bbox 1070 820 1177 853; x_wconf 90' lang='lat' dir='ltr'>non</span> <span class='ocrx_word' id='word_1_100' title='bbox 1210 817 1444 867; x_wconf 85' lang='lat' dir='ltr'>caperent</span> <span class='ocrx_word' id='word_1_101' title='bbox 1484 817 1589 851; x_wconf 88' lang='lat' dir='ltr'>tam</span> <span class='ocrx_word' id='word_1_102' title='bbox 1611 806 1863 865; x_wconf 81' lang='lat' dir='ltr'>Magnum</span> <span class='ocrx_word' id='word_1_103' title='bbox 1885 805 2084 853; x_wconf 64' lang='lat' dir='ltr'>Dofiko-</span> 
     </span>
     <span class='ocr_line' id='line_1_13' title="bbox 331 865 2085 931; baseline -0.002 -13"><span class='ocrx_word' id='word_1_104' title='bbox 331 889 442 924; x_wconf 78' lang='lat' dir='ltr'>rem</span> <span class='ocrx_word' id='word_1_105' title='bbox 458 904 470 926; x_wconf 88' lang='lat'>,</span> <span class='ocrx_word' id='word_1_106' title='bbox 491 865 726 930; x_wconf 78' lang='lat' dir='ltr'>adeoque</span> <span class='ocrx_word' id='word_1_107' title='bbox 751 871 801 916; x_wconf 90' lang='lat' dir='ltr'>in</span> <span class='ocrx_word' id='word_1_108' title='bbox 823 867 1026 931; x_wconf 90' lang='lat' dir='ltr'>publico</span> <span class='ocrx_word' id='word_1_109' title='bbox 1048 868 1168 915; x_wconf 88' lang='lat' dir='ltr'>foro</span> <span class='ocrx_word' id='word_1_110' title='bbox 1197 867 1354 913; x_wconf 66' lang='lat' dir='ltr'>ereeta</span> <span class='ocrx_word' id='word_1_111' title='bbox 1373 865 1432 912; x_wconf 82' lang='lat' dir='ltr'>fit</span> <span class='ocrx_word' id='word_1_112' title='bbox 1458 865 1715 920; x_wconf 87' lang='lat' dir='ltr'>cathedra,</span> <span class='ocrx_word' id='word_1_113' title='bbox 1737 866 1880 927; x_wconf 86' lang='lat' dir='ltr'>quod</span> <span class='ocrx_word' id='word_1_114' title='bbox 1912 866 2085 915; x_wconf 86' lang='lat' dir='ltr'>forum</span> 
     </span>
     <span class='ocr_line' id='line_1_14' title="bbox 331 926 2088 996; baseline -0.004 -12"><span class='ocrx_word' id='word_1_115' title='bbox 331 935 531 988; x_wconf 86' lang='lat' dir='ltr'>Alberti</span> <span class='ocrx_word' id='word_1_116' title='bbox 545 932 1021 996; x_wconf 84' lang='lat' dir='ltr'>Magni‚etiamnum</span> <span class='ocrx_word' id='word_1_117' title='bbox 1046 929 1203 977; x_wconf 87' lang='lat' dir='ltr'>hodie</span> <span class='ocrx_word' id='word_1_118' title='bbox 1222 928 1510 992; x_wconf 86' lang='lat' dir='ltr'>appellatur.</span> <span class='ocrx_word' id='word_1_119' title='bbox 1578 930 1641 977; x_wconf 75' lang='lat' dir='ltr'>Et</span> <span class='ocrx_word' id='word_1_120' title='bbox 1657 930 1786 979; x_wconf 77' lang='lat' dir='ltr'>vero</span> <span class='ocrx_word' id='word_1_121' title='bbox 1805 926 1947 978; x_wconf 64' lang='lat' dir='ltr'>tanta</span> <span class='ocrx_word' id='word_1_122' title='bbox 1967 930 2088 977; x_wconf 86' lang='lat' dir='ltr'>emi-</span> 
     </span>
     <span class='ocr_line' id='line_1_15' title="bbox 331 989 2091 1057; baseline -0.005 -9"><span class='ocrx_word' id='word_1_123' title='bbox 331 1001 442 1051; x_wconf 90' lang='lat' dir='ltr'>nuit</span> <span class='ocrx_word' id='word_1_124' title='bbox 454 993 782 1057; x_wconf 82' lang='lat' dir='ltr'>Philosophiae</span> <span class='ocrx_word' id='word_1_125' title='bbox 804 989 1017 1045; x_wconf 68' lang='lat' dir='ltr'>scientia,</span> <span class='ocrx_word' id='word_1_126' title='bbox 1031 995 1077 1040; x_wconf 70' lang='grc' dir='ltr'>δε</span> <span class='ocrx_word' id='word_1_127' title='bbox 1098 990 1357 1054; x_wconf 76' lang='lat' dir='ltr'>sagacitate</span> <span class='ocrx_word' id='word_1_128' title='bbox 1381 992 1433 1039; x_wconf 92' lang='lat' dir='ltr'>in</span> <span class='ocrx_word' id='word_1_129' title='bbox 1446 992 1685 1041; x_wconf 84' lang='lat' dir='ltr'>rimandis</span> <span class='ocrx_word' id='word_1_130' title='bbox 1696 994 1902 1043; x_wconf 85' lang='lat' dir='ltr'>Naturae</span> <span class='ocrx_word' id='word_1_131' title='bbox 1920 989 2091 1042; x_wconf 74' lang='lat' dir='ltr'>Miste-</span> 
     </span>
     <span class='ocr_line' id='line_1_16' title="bbox 331 1051 2086 1122; baseline -0.001 -16"><span class='ocrx_word' id='word_1_132' title='bbox 331 1064 427 1119; x_wconf 54' lang='grc' dir='ltr'>ὡς,</span> <span class='ocrx_word' id='word_1_133' title='bbox 442 1065 491 1110; x_wconf 75' lang='grc' dir='ltr'>ὅ(</span> <span class='ocrx_word' id='word_1_134' title='bbox 508 1058 774 1122; x_wconf 80' lang='lat' dir='ltr'>praeprimis</span> <span class='ocrx_word' id='word_1_135' title='bbox 798 1055 1085 1103; x_wconf 87' lang='lat' dir='ltr'>dexteritate</span> <span class='ocrx_word' id='word_1_136' title='bbox 1094 1051 1235 1102; x_wconf 67' lang='lat' dir='ltr'>tanta</span> <span class='ocrx_word' id='word_1_137' title='bbox 1254 1056 1305 1102; x_wconf 88' lang='lat' dir='ltr'>in</span> <span class='ocrx_word' id='word_1_138' title='bbox 1319 1054 1634 1104; x_wconf 73' lang='lat' dir='ltr'>elaborandis</span> <span class='ocrx_word' id='word_1_139' title='bbox 1645 1058 1827 1120; x_wconf 83' lang='lat' dir='ltr'>Magiae</span> <span class='ocrx_word' id='word_1_140' title='bbox 1840 1052 2086 1105; x_wconf 84' lang='lat' dir='ltr'>Artisticae</span> 
     </span>
     <span class='ocr_line' id='line_1_17' title="bbox 331 1117 2089 1184; baseline -0.002 -10"><span class='ocrx_word' id='word_1_141' title='bbox 331 1124 592 1177; x_wconf 81' lang='lat' dir='ltr'>machinis,</span> <span class='ocrx_word' id='word_1_142' title='bbox 608 1135 663 1168; x_wconf 82' lang='lat' dir='ltr'>ac</span> <span class='ocrx_word' id='word_1_143' title='bbox 698 1120 996 1172; x_wconf 84' lang='lat' dir='ltr'>inventis‚ut</span> <span class='ocrx_word' id='word_1_144' title='bbox 1023 1117 1155 1182; x_wconf 87' lang='lat' dir='ltr'>apud.</span> <span class='ocrx_word' id='word_1_145' title='bbox 1182 1119 1460 1181; x_wconf 47' lang='lat' dir='ltr'>imperito&amp;</span> <span class='ocrx_word' id='word_1_146' title='bbox 1477 1132 1832 1182; x_wconf 81' lang='lat' dir='ltr'>cognomento</span> <span class='ocrx_word' id='word_1_147' title='bbox 1854 1118 2089 1184; x_wconf 81' lang='lat' dir='ltr'>publico,</span> 
     </span>
     <span class='ocr_line' id='line_1_18' title="bbox 331 1180 2094 1247; baseline -0.006 -8"><span class='ocrx_word' id='word_1_148' title='bbox 331 1189 524 1239; x_wconf 87' lang='lat' dir='ltr'>audiret</span> <span class='ocrx_word' id='word_1_149' title='bbox 549 1187 721 1242; x_wconf 69' lang='lat' dir='ltr'>Magus.</span> <span class='ocrx_word' id='word_1_150' title='bbox 823 1180 1163 1230; x_wconf 88' lang='lat' dir='ltr'>Confirmavit</span> <span class='ocrx_word' id='word_1_151' title='bbox 1186 1195 1412 1229; x_wconf 89' lang='lat' dir='ltr'>errorem</span> <span class='ocrx_word' id='word_1_152' title='bbox 1443 1182 1577 1245; x_wconf 81' lang='lat' dir='ltr'>vulgi</span> <span class='ocrx_word' id='word_1_153' title='bbox 1606 1183 1787 1247; x_wconf 84' lang='lat' dir='ltr'>duplex</span> <span class='ocrx_word' id='word_1_154' title='bbox 1821 1196 2094 1230; x_wconf 80' lang='lat' dir='ltr'>metamor-</span> 
     </span>
     <span class='ocr_line' id='line_1_19' title="bbox 331 1243 2096 1319; baseline -0.005 -19"><span class='ocrx_word' id='word_1_155' title='bbox 331 1249 499 1319; x_wconf 83' lang='lat' dir='ltr'>phofis</span> <span class='ocrx_word' id='word_1_156' title='bbox 530 1246 850 1298; x_wconf 83' lang='lat' dir='ltr'>mechanica,</span> <span class='ocrx_word' id='word_1_157' title='bbox 876 1260 982 1309; x_wconf 89' lang='lat' dir='ltr'>quo</span> <span class='ocrx_word' id='word_1_158' title='bbox 1005 1259 1172 1294; x_wconf 86' lang='lat' dir='ltr'>novus</span> <span class='ocrx_word' id='word_1_159' title='bbox 1194 1243 1276 1292; x_wconf 89' lang='lat' dir='ltr'>hic</span> <span class='ocrx_word' id='word_1_160' title='bbox 1299 1243 1516 1308; x_wconf 82' lang='lat' dir='ltr'>Physicae</span> <span class='ocrx_word' id='word_1_161' title='bbox 1538 1246 1795 1300; x_wconf 69' lang='lat' dir='ltr'>Daedalus,</span> <span class='ocrx_word' id='word_1_162' title='bbox 1817 1245 1862 1294; x_wconf 89' lang='lat' dir='ltr'>se</span> <span class='ocrx_word' id='word_1_163' title='bbox 1883 1247 1928 1295; x_wconf 87' lang='lat' dir='ltr'>se</span> <span class='ocrx_word' id='word_1_164' title='bbox 1942 1247 2096 1295; x_wconf 86' lang='lat' dir='ltr'>Mun·</span> 
     </span>
     <span class='ocr_line' id='line_1_20' title="bbox 335 1304 2092 1372; baseline -0.004 -7"><span class='ocrx_word' id='word_1_165' title='bbox 335 1316 406 1365; x_wconf 88' lang='lat' dir='ltr'>do</span> <span class='ocrx_word' id='word_1_166' title='bbox 427 1312 679 1362; x_wconf 86' lang='lat' dir='ltr'>celebrem</span> <span class='ocrx_word' id='word_1_167' title='bbox 702 1308 933 1360; x_wconf 75' lang='lat' dir='ltr'>reddidit,</span> <span class='ocrx_word' id='word_1_168' title='bbox 961 1311 1010 1359; x_wconf 83' lang='lat'>&amp;</span> <span class='ocrx_word' id='word_1_169' title='bbox 1033 1304 1354 1372; x_wconf 71' lang='lat' dir='ltr'>stupendum.</span> <span class='ocrx_word' id='word_1_170' title='bbox 1421 1310 1644 1357; x_wconf 79' lang='lat' dir='ltr'>Primam</span> <span class='ocrx_word' id='word_1_171' title='bbox 1667 1307 1965 1358; x_wconf 79' lang='lat' dir='ltr'>monstravit</span> <span class='ocrx_word' id='word_1_172' title='bbox 1988 1310 2092 1358; x_wconf 92' lang='lat' dir='ltr'>Co-</span> 
     </span>
    </p>
   </div>
   <div class='ocr_carea' id='block_1_3' title="bbox 254 1369 2094 1436">
    <p class='ocr_par' dir='ltr' id='par_1_3' title="bbox 254 1369 2094 1436">
     <span class='ocr_line' id='line_1_21' title="bbox 254 1369 2094 1436; baseline -0.003 -10"><span class='ocrx_word' id='word_1_173' title='bbox 254 1389 259 1392; x_wconf 50' lang='lat'><em>*</em></span> <span class='ocrx_word' id='word_1_174' title='bbox 337 1380 489 1429; x_wconf 87' lang='lat' dir='ltr'>loniae</span> <span class='ocrx_word' id='word_1_175' title='bbox 505 1409 517 1429; x_wconf 92' lang='lat'>‚</span> <span class='ocrx_word' id='word_1_176' title='bbox 542 1373 663 1423; x_wconf 75' lang='lat' dir='ltr'>cum</span> <span class='ocrx_word' id='word_1_177' title='bbox 684 1388 821 1421; x_wconf 89' lang='lat' dir='ltr'>anno</span> <span class='ocrx_word' id='word_1_178' title='bbox 842 1371 980 1436; x_wconf 84' lang='lat' dir='ltr'>supra</span> <span class='ocrx_word' id='word_1_179' title='bbox 1006 1369 1328 1420; x_wconf 82' lang='lat' dir='ltr'>millesimum</span> <span class='ocrx_word' id='word_1_180' title='bbox 1353 1371 1762 1422; x_wconf 79' lang='lat' dir='ltr'>ducentesimum</span> <span class='ocrx_word' id='word_1_181' title='bbox 1785 1372 2094 1436; x_wconf 79' lang='lat' dir='ltr'>quadragesi-</span> 
     </span>
    </p>
   </div>
   <div class='ocr_carea' id='block_1_4' title="bbox 338 1434 2107 2632">
    <p class='ocr_par' dir='ltr' id='par_1_4' title="bbox 338 1434 2107 2632">
     <span class='ocr_line' id='line_1_22' title="bbox 339 1434 2094 1504; baseline -0.003 -13"><span class='ocrx_word' id='word_1_182' title='bbox 339 1457 432 1491; x_wconf 89' lang='lat' dir='ltr'>mo</span> <span class='ocrx_word' id='word_1_183' title='bbox 457 1440 671 1504; x_wconf 88' lang='lat' dir='ltr'>septimo</span> <span class='ocrx_word' id='word_1_184' title='bbox 699 1434 1006 1485; x_wconf 85' lang='lat' dir='ltr'>Wilhelmus</span> <span class='ocrx_word' id='word_1_185' title='bbox 1023 1468 1034 1487; x_wconf 84' lang='lat'>,</span> <span class='ocrx_word' id='word_1_186' title='bbox 1058 1449 1233 1483; x_wconf 82' lang='lat' dir='ltr'>recens</span> <span class='ocrx_word' id='word_1_187' title='bbox 1258 1434 1445 1483; x_wconf 72' lang='lat' dir='ltr'>e&#39;leEtus</span> <span class='ocrx_word' id='word_1_188' title='bbox 1477 1437 1586 1485; x_wconf 88' lang='lat' dir='ltr'>Rex</span> <span class='ocrx_word' id='word_1_189' title='bbox 1618 1438 2014 1491; x_wconf 87' lang='lat' dir='ltr'>Romanorum,</span> <span class='ocrx_word' id='word_1_190' title='bbox 2035 1451 2094 1486; x_wconf 85' lang='lat' dir='ltr'>ex</span> 
     </span>
     <span class='ocr_line' id='line_1_23' title="bbox 338 1496 2090 1563; baseline -0.004 -8"><span class='ocrx_word' id='word_1_191' title='bbox 338 1502 612 1556; x_wconf 89' lang='lat' dir='ltr'>Hollandia</span> <span class='ocrx_word' id='word_1_192' title='bbox 651 1501 806 1549; x_wconf 82' lang='lat' dir='ltr'>redux</span> <span class='ocrx_word' id='word_1_193' title='bbox 848 1498 978 1547; x_wconf 88' lang='lat' dir='ltr'>hanc</span> <span class='ocrx_word' id='word_1_194' title='bbox 1012 1498 1205 1549; x_wconf 88' lang='lat' dir='ltr'>Urbem</span> <span class='ocrx_word' id='word_1_195' title='bbox 1233 1496 1428 1546; x_wconf 86' lang='lat' dir='ltr'>solenni</span> <span class='ocrx_word' id='word_1_196' title='bbox 1460 1497 1677 1563; x_wconf 77' lang='lat' dir='ltr'>ingressu</span> <span class='ocrx_word' id='word_1_197' title='bbox 1702 1498 2090 1548; x_wconf 81' lang='lat' dir='ltr'>condecoraret.</span> 
     </span>
     <span class='ocr_line' id='line_1_24' title="bbox 338 1560 2100 1629; baseline -0.002 -13"><span class='ocrx_word' id='word_1_198' title='bbox 338 1569 481 1619; x_wconf 88' lang='lat' dir='ltr'>Nam</span> <span class='ocrx_word' id='word_1_199' title='bbox 503 1569 552 1615; x_wconf 73' lang='grc' dir='ltr'>ὅ(</span> <span class='ocrx_word' id='word_1_200' title='bbox 576 1564 673 1629; x_wconf 91' lang='lat' dir='ltr'>ipse</span> <span class='ocrx_word' id='word_1_201' title='bbox 692 1574 983 1625; x_wconf 85' lang='lat' dir='ltr'>excepturus</span> <span class='ocrx_word' id='word_1_202' title='bbox 1002 1562 1138 1610; x_wconf 88' lang='lat' dir='ltr'>hunc</span> <span class='ocrx_word' id='word_1_203' title='bbox 1162 1560 1537 1611; x_wconf 71' lang='lat' dir='ltr'>&#39;Serenissimum</span> <span class='ocrx_word' id='word_1_204' title='bbox 1559 1561 1841 1627; x_wconf 83' lang='lat' dir='ltr'>Hospitem,</span> <span class='ocrx_word' id='word_1_205' title='bbox 1862 1575 2100 1626; x_wconf 86' lang='lat' dir='ltr'>apparatu</span> 
     </span>
     <span class='ocr_line' id='line_1_25' title="bbox 338 1624 2095 1692; baseline -0.003 -12"><span class='ocrx_word' id='word_1_206' title='bbox 338 1628 700 1692; x_wconf 84' lang='lat' dir='ltr'>Philosophico</span> <span class='ocrx_word' id='word_1_207' title='bbox 723 1627 915 1674; x_wconf 82' lang='lat' dir='ltr'>Aulam</span> <span class='ocrx_word' id='word_1_208' title='bbox 940 1625 1182 1676; x_wconf 82' lang='lat' dir='ltr'>exhibuit,</span> <span class='ocrx_word' id='word_1_209' title='bbox 1203 1626 1254 1670; x_wconf 90' lang='lat' dir='ltr'>in</span> <span class='ocrx_word' id='word_1_210' title='bbox 1266 1625 1403 1672; x_wconf 85' lang='lat' dir='ltr'>Aula</span> <span class='ocrx_word' id='word_1_211' title='bbox 1422 1624 1633 1674; x_wconf 86' lang='lat' dir='ltr'>hortum</span> <span class='ocrx_word' id='word_1_212' title='bbox 1650 1659 1663 1678; x_wconf 87' lang='lat'>,</span> <span class='ocrx_word' id='word_1_213' title='bbox 1690 1627 1762 1673; x_wconf 84' lang='lat'>16.</span> <span class='ocrx_word' id='word_1_214' title='bbox 1783 1627 1999 1683; x_wconf 83' lang='lat' dir='ltr'>Januarij</span> <span class='ocrx_word' id='word_1_215' title='bbox 2031 1641 2095 1675; x_wconf 86' lang='lat' dir='ltr'>eo</span> 
     </span>
     <span class='ocr_line' id='line_1_26' title="bbox 340 1685 2092 1748; baseline -0.005 -4"><span class='ocrx_word' id='word_1_216' title='bbox 340 1694 534 1744; x_wconf 88' lang='lat' dir='ltr'>florum</span> <span class='ocrx_word' id='word_1_217' title='bbox 559 1690 881 1739; x_wconf 86' lang='lat' dir='ltr'>vernantium</span> <span class='ocrx_word' id='word_1_218' title='bbox 901 1699 1109 1739; x_wconf 85' lang='lat' dir='ltr'>ornatu,</span> <span class='ocrx_word' id='word_1_219' title='bbox 1142 1685 1503 1748; x_wconf 68' lang='lat' dir='ltr'>frustuumque</span> <span class='ocrx_word' id='word_1_220' title='bbox 1531 1689 1765 1735; x_wconf 80' lang='lat' dir='ltr'>varietate</span> <span class='ocrx_word' id='word_1_221' title='bbox 1791 1688 2092 1741; x_wconf 87' lang='lat' dir='ltr'>mirabilem,</span> 
     </span>
     <span class='ocr_line' id='line_1_27' title="bbox 341 1745 2098 1817; baseline -0.003 -11"><span class='ocrx_word' id='word_1_222' title='bbox 341 1770 396 1807; x_wconf 90' lang='lat' dir='ltr'>ut</span> <span class='ocrx_word' id='word_1_223' title='bbox 417 1751 784 1817; x_wconf 87' lang='lat' dir='ltr'>obstupesceret</span> <span class='ocrx_word' id='word_1_224' title='bbox 802 1752 1031 1813; x_wconf 86' lang='lat' dir='ltr'>Princeps</span> <span class='ocrx_word' id='word_1_225' title='bbox 1051 1751 1101 1797; x_wconf 90' lang='lat' dir='ltr'>in</span> <span class='ocrx_word' id='word_1_226' title='bbox 1119 1750 1360 1806; x_wconf 77' lang='lat' dir='ltr'>januario</span> <span class='ocrx_word' id='word_1_227' title='bbox 1380 1750 1577 1805; x_wconf 80' lang='lat' dir='ltr'>Maium</span> <span class='ocrx_word' id='word_1_228' title='bbox 1592 1782 1604 1802; x_wconf 87' lang='lat'>‚</span> <span class='ocrx_word' id='word_1_229' title='bbox 1628 1745 1972 1812; x_wconf 65' lang='lat' dir='ltr'>crederetque,</span> <span class='ocrx_word' id='word_1_230' title='bbox 1993 1751 2098 1801; x_wconf 91' lang='lat' dir='ltr'>Co-</span> 
     </span>
     <span class='ocr_line' id='line_1_28' title="bbox 341 1811 2098 1875; baseline -0.005 -5"><span class='ocrx_word' id='word_1_231' title='bbox 341 1821 497 1870; x_wconf 77' lang='lat' dir='ltr'>loniae</span> <span class='ocrx_word' id='word_1_232' title='bbox 514 1816 558 1865; x_wconf 93' lang='lat' dir='ltr'>se</span> <span class='ocrx_word' id='word_1_233' title='bbox 579 1815 747 1864; x_wconf 85' lang='lat' dir='ltr'>videre</span> <span class='ocrx_word' id='word_1_234' title='bbox 768 1813 949 1862; x_wconf 88' lang='lat' dir='ltr'>hortos</span> <span class='ocrx_word' id='word_1_235' title='bbox 973 1812 1212 1864; x_wconf 86' lang='lat' dir='ltr'>Alcinoi,</span> <span class='ocrx_word' id='word_1_236' title='bbox 1236 1813 1288 1858; x_wconf 83' lang='lat' dir='ltr'>in</span> <span class='ocrx_word' id='word_1_237' title='bbox 1315 1812 1494 1872; x_wconf 86' lang='lat' dir='ltr'>quibus</span> <span class='ocrx_word' id='word_1_238' title='bbox 1512 1811 1609 1875; x_wconf 88' lang='lat' dir='ltr'>ipsa</span> <span class='ocrx_word' id='word_1_239' title='bbox 1627 1813 1836 1875; x_wconf 88' lang='lat' dir='ltr'>Hyems,</span> <span class='ocrx_word' id='word_1_240' title='bbox 1868 1815 2098 1862; x_wconf 88' lang='lat' dir='ltr'>vernanti</span> 
     </span>
     <span class='ocr_line' id='line_1_29' title="bbox 343 1873 2101 1937; baseline -0.004 -5"><span class='ocrx_word' id='word_1_241' title='bbox 343 1878 477 1933; x_wconf 86' lang='lat' dir='ltr'>veste</span> <span class='ocrx_word' id='word_1_242' title='bbox 495 1878 800 1932; x_wconf 85' lang='lat' dir='ltr'>florida,tam</span> <span class='ocrx_word' id='word_1_243' title='bbox 819 1874 1105 1923; x_wconf 86' lang='lat' dir='ltr'>mirabiliter</span> <span class='ocrx_word' id='word_1_244' title='bbox 1123 1873 1407 1937; x_wconf 88' lang='lat' dir='ltr'>superbiret.</span> <span class='ocrx_word' id='word_1_245' title='bbox 1447 1874 1675 1924; x_wconf 87' lang='lat' dir='ltr'>Alteram</span> <span class='ocrx_word' id='word_1_246' title='bbox 1690 1874 1911 1923; x_wconf 87' lang='lat' dir='ltr'>exhibuit</span> <span class='ocrx_word' id='word_1_247' title='bbox 1931 1877 1982 1924; x_wconf 92' lang='lat' dir='ltr'>in</span> <span class='ocrx_word' id='word_1_248' title='bbox 1997 1892 2101 1925; x_wconf 89' lang='lat' dir='ltr'>me-</span> 
     </span>
     <span class='ocr_line' id='line_1_30' title="bbox 340 1935 2100 2003; baseline -0.006 -7"><span class='ocrx_word' id='word_1_249' title='bbox 340 1947 512 1996; x_wconf 87' lang='lat' dir='ltr'>tallina</span> <span class='ocrx_word' id='word_1_250' title='bbox 538 1940 717 1994; x_wconf 83' lang='lat' dir='ltr'>statua,</span> <span class='ocrx_word' id='word_1_251' title='bbox 740 1953 895 2003; x_wconf 88' lang='lat' dir='ltr'>quam</span> <span class='ocrx_word' id='word_1_252' title='bbox 916 1953 980 1986; x_wconf 90' lang='lat' dir='ltr'>eo</span> <span class='ocrx_word' id='word_1_253' title='bbox 1006 1936 1219 1986; x_wconf 86' lang='lat' dir='ltr'>artifieio</span> <span class='ocrx_word' id='word_1_254' title='bbox 1242 1935 1543 1989; x_wconf 81' lang='lat' dir='ltr'>elaboravit,</span> <span class='ocrx_word' id='word_1_255' title='bbox 1569 1949 1622 1986; x_wconf 89' lang='lat' dir='ltr'>ut</span> <span class='ocrx_word' id='word_1_256' title='bbox 1644 1952 1801 1985; x_wconf 84' lang='lat' dir='ltr'>manu</span> <span class='ocrx_word' id='word_1_257' title='bbox 1829 1937 1955 1986; x_wconf 72' lang='lat' dir='ltr'>rasta</span> <span class='ocrx_word' id='word_1_258' title='bbox 1977 1953 2100 1988; x_wconf 85' lang='lat' dir='ltr'>cum</span> 
     </span>
     <span class='ocr_line' id='line_1_31' title="bbox 344 1999 2097 2066; baseline -0.004 -7"><span class='ocrx_word' id='word_1_259' title='bbox 344 2011 556 2060; x_wconf 89' lang='lat' dir='ltr'>homine</span> <span class='ocrx_word' id='word_1_260' title='bbox 580 2006 890 2066; x_wconf 86' lang='lat' dir='ltr'>loqueretur.</span> <span class='ocrx_word' id='word_1_261' title='bbox 991 1999 1182 2060; x_wconf 50' lang='lat' dir='ltr'>Fefgllit</span> <span class='ocrx_word' id='word_1_262' title='bbox 1207 2002 1377 2064; x_wconf 80' lang='lat' dir='ltr'>Magia</span> <span class='ocrx_word' id='word_1_263' title='bbox 1399 2012 1504 2049; x_wconf 85' lang='lat' dir='ltr'>tam</span> <span class='ocrx_word' id='word_1_264' title='bbox 1524 2000 1775 2065; x_wconf 87' lang='lat' dir='ltr'>paradoxa</span> <span class='ocrx_word' id='word_1_265' title='bbox 1798 2016 1906 2049; x_wconf 90' lang='lat' dir='ltr'>non</span> <span class='ocrx_word' id='word_1_266' title='bbox 1929 2001 2097 2052; x_wconf 79' lang='lat' dir='ltr'>modo</span> 
     </span>
     <span class='ocr_line' id='line_1_32' title="bbox 347 2063 2102 2135; baseline -0.003 -15"><span class='ocrx_word' id='word_1_267' title='bbox 347 2073 576 2135; x_wconf 79' lang='lat' dir='ltr'>vulgum,</span> <span class='ocrx_word' id='word_1_268' title='bbox 599 2068 680 2117; x_wconf 87' lang='lat' dir='ltr'>sed</span> <span class='ocrx_word' id='word_1_269' title='bbox 702 2065 924 2130; x_wconf 82' lang='lat' dir='ltr'>&amp;ipsum</span> <span class='ocrx_word' id='word_1_270' title='bbox 943 2063 1270 2128; x_wconf 84' lang='lat' dir='ltr'>Angelicum,</span> <span class='ocrx_word' id='word_1_271' title='bbox 1285 2063 2102 2129; x_wconf 79' lang='lat' dir='ltr'>etiamnum&#39;TyronemSophum‚</span> 
     </span>
     <span class='ocr_line' id='line_1_33' title="bbox 349 2126 2102 2240; baseline -0.004 -55"><span class='ocrx_word' id='word_1_272' title='bbox 349 2137 413 2185; x_wconf 89' lang='lat' dir='ltr'>de</span> <span class='ocrx_word' id='word_1_273' title='bbox 432 2149 538 2196; x_wconf 91' lang='lat' dir='ltr'>quo</span> <span class='ocrx_word' id='word_1_274' title='bbox 553 2134 704 2182; x_wconf 86' lang='lat' dir='ltr'>Fama</span> <span class='ocrx_word' id='word_1_275' title='bbox 723 2126 809 2182; x_wconf 89' lang='lat' dir='ltr'>est,</span> <span class='ocrx_word' id='word_1_276' title='bbox 824 2126 969 2191; x_wconf 76' lang='lat' dir='ltr'>quod</span> <span class='ocrx_word' id='word_1_277' title='bbox 989 2143 1045 2175; x_wconf 86' lang='lat' dir='ltr'>ex</span> <span class='ocrx_word' id='word_1_278' title='bbox 1068 2131 1145 2192; x_wconf 88' lang='lat' dir='ltr'>pia</span> <span class='ocrx_word' id='word_1_279' title='bbox 1168 2126 1432 2240; x_wconf 40' lang='lat' dir='ltr'>{nondam</span> <span class='ocrx_word' id='word_1_280' title='bbox 1455 2128 1642 2178; x_wconf 66' lang='lat' dir='ltr'>inscitia</span> <span class='ocrx_word' id='word_1_281' title='bbox 1662 2127 1766 2176; x_wconf 84' lang='lat' dir='ltr'>hoc</span> <span class='ocrx_word' id='word_1_282' title='bbox 1783 2128 1943 2191; x_wconf 90' lang='lat' dir='ltr'>ipsum</span> <span class='ocrx_word' id='word_1_283' title='bbox 1972 2142 2102 2193; x_wconf 84' lang='lat' dir='ltr'>opus</span> 
     </span>
     <span class='ocr_line' id='line_1_34' title="bbox 348 2189 2098 2255; baseline -0.005 -6"><span class='ocrx_word' id='word_1_284' title='bbox 348 2195 663 2249; x_wconf 86' lang='lat' dir='ltr'>destruxerit,</span> <span class='ocrx_word' id='word_1_285' title='bbox 683 2191 711 2242; x_wconf 73' lang='grc' dir='ltr'>ὲ</span> <span class='ocrx_word' id='word_1_286' title='bbox 739 2193 828 2242; x_wconf 92' lang='lat' dir='ltr'>suo</span> <span class='ocrx_word' id='word_1_287' title='bbox 857 2191 997 2240; x_wconf 90' lang='lat' dir='ltr'>subin</span> <span class='ocrx_word' id='word_1_288' title='bbox 1021 2192 1178 2254; x_wconf 80' lang='lat' dir='ltr'>Magil</span> <span class='ocrx_word' id='word_1_289' title='bbox 1206 2207 1264 2239; x_wconf 91' lang='lat' dir='ltr'>ro</span> <span class='ocrx_word' id='word_1_290' title='bbox 1294 2189 1366 2241; x_wconf 85' lang='lat' dir='ltr'>his</span> <span class='ocrx_word' id='word_1_291' title='bbox 1387 2190 1545 2241; x_wconf 87' lang='lat' dir='ltr'>verbis</span> <span class='ocrx_word' id='word_1_292' title='bbox 1576 2203 1831 2255; x_wconf 88' lang='lat' dir='ltr'>exceptus:</span> <span class='ocrx_word' id='word_1_293' title='bbox 1872 2193 1984 2243; x_wconf 74' lang='lat' dir='ltr'>fili,</span> <span class='ocrx_word' id='word_1_294' title='bbox 2022 2205 2098 2245; x_wconf 83' lang='lat'>30·</span> 
     </span>
     <span class='ocr_line' id='line_1_35' title="bbox 350 2252 2103 2318; baseline -0.002 -10"><span class='ocrx_word' id='word_1_295' title='bbox 350 2276 556 2308; x_wconf 81' lang='lat' dir='ltr'>annorum</span> <span class='ocrx_word' id='word_1_296' title='bbox 578 2269 678 2318; x_wconf 85' lang='lat' dir='ltr'>opus</span> <span class='ocrx_word' id='word_1_297' title='bbox 703 2268 912 2303; x_wconf 74' lang='lat' dir='ltr'>momento</span> <span class='ocrx_word' id='word_1_298' title='bbox 935 2256 1054 2300; x_wconf 81' lang='lat' dir='ltr'>unico</span> <span class='ocrx_word' id='word_1_299' title='bbox 1078 2252 1328 2306; x_wconf 72' lang='lat' dir='ltr'>destruxzsti.</span> <span class='ocrx_word' id='word_1_300' title='bbox 1398 2255 1518 2303; x_wconf 81' lang='lat' dir='ltr'>Haec</span> <span class='ocrx_word' id='word_1_301' title='bbox 1539 2259 1588 2306; x_wconf 71' lang='grc' dir='ltr'>ὅ(</span> <span class='ocrx_word' id='word_1_302' title='bbox 1619 2255 1792 2305; x_wconf 80' lang='lat' dir='ltr'>slmilia</span> <span class='ocrx_word' id='word_1_303' title='bbox 1809 2255 1990 2318; x_wconf 82' lang='lat' dir='ltr'>Magiae</span> <span class='ocrx_word' id='word_1_304' title='bbox 2004 2256 2103 2304; x_wconf 82' lang='lat' dir='ltr'>Ar-</span> 
     </span>
     <span class='ocr_line' id='line_1_36' title="bbox 351 2315 2105 2386; baseline -0.005 -12"><span class='ocrx_word' id='word_1_305' title='bbox 351 2324 559 2374; x_wconf 82' lang='lat' dir='ltr'>tificialis</span> <span class='ocrx_word' id='word_1_306' title='bbox 581 2331 840 2386; x_wconf 89' lang='lat' dir='ltr'>portenta,</span> <span class='ocrx_word' id='word_1_307' title='bbox 863 2318 1137 2367; x_wconf 91' lang='lat' dir='ltr'>Albertum</span> <span class='ocrx_word' id='word_1_308' title='bbox 1164 2315 1348 2367; x_wconf 77' lang='lat' dir='ltr'>merito</span> <span class='ocrx_word' id='word_1_309' title='bbox 1373 2319 1581 2376; x_wconf 77' lang='lat' dir='ltr'>Magnum</span> <span class='ocrx_word' id='word_1_310' title='bbox 1605 2317 1900 2371; x_wconf 85' lang='lat' dir='ltr'>effecerant,</span> <span class='ocrx_word' id='word_1_311' title='bbox 1923 2330 1976 2366; x_wconf 91' lang='lat' dir='ltr'>ut</span> <span class='ocrx_word' id='word_1_312' title='bbox 1994 2333 2105 2368; x_wconf 91' lang='lat' dir='ltr'>non</span> 
     </span>
     <span class='ocr_line' id='line_1_37' title="bbox 352 2381 2104 2445; baseline -0.006 -8"><span class='ocrx_word' id='word_1_313' title='bbox 352 2388 561 2439; x_wconf 86' lang='lat' dir='ltr'>mireris,</span> <span class='ocrx_word' id='word_1_314' title='bbox 578 2381 721 2445; x_wconf 87' lang='lat' dir='ltr'>quod</span> <span class='ocrx_word' id='word_1_315' title='bbox 741 2382 804 2430; x_wconf 90' lang='lat' dir='ltr'>de</span> <span class='ocrx_word' id='word_1_316' title='bbox 823 2381 911 2430; x_wconf 92' lang='lat' dir='ltr'>illo</span> <span class='ocrx_word' id='word_1_317' title='bbox 925 2381 1258 2431; x_wconf 81' lang='lat' dir='ltr'>Trithemius:</span> <span class='ocrx_word' id='word_1_318' title='bbox 1279 2382 1503 2426; x_wconf 75' lang='lat' dir='ltr'>&#39;Mundum</span> <span class='ocrx_word' id='word_1_319' title='bbox 1524 2381 1706 2428; x_wconf 83' lang='lat' dir='ltr'>Alberto</span> <span class='ocrx_word' id='word_1_320' title='bbox 1726 2381 1909 2441; x_wconf 79' lang='lat' dir='ltr'>fimilem</span> <span class='ocrx_word' id='word_1_321' title='bbox 1932 2397 2012 2426; x_wconf 84' lang='lat' dir='ltr'>non</span> <span class='ocrx_word' id='word_1_322' title='bbox 2030 2382 2104 2428; x_wconf 84' lang='lat' dir='ltr'>ha-</span> 
     </span>
     <span class='ocr_line' id='line_1_38' title="bbox 351 2443 2107 2510; baseline -0.003 -12"><span class='ocrx_word' id='word_1_323' title='bbox 351 2447 494 2508; x_wconf 79' lang='lat' dir='ltr'>buzffe.</span> <span class='ocrx_word' id='word_1_324' title='bbox 557 2448 614 2496; x_wconf 89' lang='lat' dir='ltr'>Id</span> <span class='ocrx_word' id='word_1_325' title='bbox 634 2444 794 2510; x_wconf 88' lang='lat' dir='ltr'>ipsum</span> <span class='ocrx_word' id='word_1_326' title='bbox 819 2443 1089 2494; x_wconf 86' lang='lat' dir='ltr'>confirmat</span> <span class='ocrx_word' id='word_1_327' title='bbox 1110 2446 1363 2509; x_wconf 84' lang='lat' dir='ltr'>Elogium‚</span> <span class='ocrx_word' id='word_1_328' title='bbox 1384 2445 1485 2502; x_wconf 76' lang='lat' dir='ltr'>ejus</span> <span class='ocrx_word' id='word_1_329' title='bbox 1508 2444 1746 2497; x_wconf 86' lang='lat' dir='ltr'>Obelisco</span> <span class='ocrx_word' id='word_1_330' title='bbox 1773 2443 2107 2500; x_wconf 75' lang='lat' dir='ltr'>honoris‚.Pa-</span> 
     </span>
     <span class='ocr_line' id='line_1_39' title="bbox 351 2506 1997 2617; baseline -0.009 -49"><span class='ocrx_word' id='word_1_331' title='bbox 351 2513 468 2575; x_wconf 78' lang='lat' dir='ltr'>tifijs</span> <span class='ocrx_word' id='word_1_332' title='bbox 491 2506 694 2579; x_wconf 60' lang='lat' dir='ltr'>publice</span> <span class='ocrx_word' id='word_1_333' title='bbox 718 2506 912 2562; x_wconf 74' lang='lat' dir='ltr'>erecto,</span> <span class='ocrx_word' id='word_1_334' title='bbox 938 2507 1162 2559; x_wconf 87' lang='lat' dir='ltr'>incisum.</span> <span class='ocrx_word' id='word_1_335' title='bbox 1374 2529 1382 2539; x_wconf 52' lang='lat'>*</span> <span class='ocrx_word' id='word_1_336' title='bbox 1978 2569 1997 2617; x_wconf 64' lang='lat' dir='ltr'><em>l</em></span> 
     </span>
     <span class='ocr_line' id='line_1_40' title="bbox 1901 2575 2040 2632; baseline -0.036 -11"><span class='ocrx_word' id='word_1_337' title='bbox 1901 2575 2040 2632; x_wconf 76' lang='lat' dir='ltr'><em>lucy.-</em></span> 
     </span>
    </p>
   </div>
  </div>
 </body>
</html>
