2205 2905
339 50 355 57 ’
389 70 457 105 20
899 30 902 33 ι
960 52 1105 106 [stela
1124 55 1449 118 Philosophiam.

326 158 484 197 iratos,
509 141 609 192 fine
629 157 779 193 mora
797 143 1020 196 avolant,
1043 144 1093 193 ὃς
1111 143 1164 191 in
1184 156 1359 191 tenues
1387 139 1629 205 exspirant
1651 153 1809 189 auras.
1872 141 1993 200 Jam
2017 157 2099 208 gc-

328 223 420 257 nus
447 208 670 256 fulminis
703 208 938 272 porrigit,
959 205 1078 265 ficei,
1102 220 1231 270 atque
1263 205 1542 264 difijcientis:
1589 204 1734 267 quod
1763 203 1848 253 ubi
1875 206 1926 253 in
1958 207 2105 256 dolio

329 271 685 320 consumendo
707 269 1092 335 propemodum
1122 270 1221 326 'ram
1249 269 1296 317 se
1325 267 1658 332 consumpsit,
1685 265 1890 317 fumosa
1909 270 2099 320 viscoli-

328 348 445 389 tatc‚
471 337 651 384 vinum
677 333 838 382 ambit
865 330 1014 381 instar
1035 333 1296 398 pelliculae,
1320 333 1542 382 evocatis
1563 332 1625 380 ad
1646 330 1958 398 superficiem
1982 333 2101 382 crass

327 398 538 449 fioribus
557 394 587 447 ὲ
611 400 735 448 vino
764 397 1004 462 spiritibus
1025 430 1037 450 ‚
1066 393 1240 459 ibique
1274 398 1325 444 in
1356 395 1711 444 membrana-m
1740 408 1950 445 tenuem
1978 411 2103 446 con-

332 461 557 511 densatis„
637 460 736 510 Sed
764 463 880 524 quia
903 458 1105 508 difficile
1130 459 1284 508 verba
1309 458 1427 508 dare
1449 458 1792 525 Philosopho‚
1813 460 2107 525 exemplum

330 541 481 591 cape,
501 540 611 588 quo
636 526 853 588 Magnus
883 523 967 572 ille
990 522 1231 572 Albertus
1247 556 1259 577 ‚
1288 538 1398 572 rem
1429 519 1562 572 adeo
1593 523 1933 588 paradoxam.,›-
1953 524 2106 572 eluci-

333 590 449 638 dare
474 588 630 638 suevit
655 590 706 636 in
727 587 893 637 Psillio
927 585 951 644 (
971 585 1139 635 herbae
1161 602 1317 657 genus
1335 583 1406 634 est
1422 620 1434 639 ‚
1461 584 1652 636 viscosa
1671 587 1936 652 praeditum
1957 587 2105 636 indo-

333 651 417 710 le)
453 652 557 701 hoc
582 651 616 700 si
637 654 761 701 vino
782 651 992 708 injicias,
1014 649 1206 700 viscoio
1227 662 1401 699 totum
1418 650 1628 714 replebit
1646 650 1869 700 humore
1884 685 1897 707 2
1920 653 2006 715 qui
2027 666 2107 700 ca-

333 717 444 766 lore
467 714 678 769 marsici,
701 715 766 764 ad
787 717 971 763 extima
991 714 1280 778 propulsus,
1310 711 1610 763 membrana
1632 715 1889 778 liquorem
1912 712 2104 769 vestiet,

336 783 387 830 ὅ(
408 779 597 844 absque
618 779 727 829 vase
745 777 1056 830 continebit,
1078 792 1142 825 ne
1164 775 1353 826 effluat,
1456 777 1695 841 Denique
1725 778 1829 827 haec
1848 780 1988 833 Ales,
2007 778 2104 828 ful-

334 845 483 893 minis
508 839 701 897 custos,
725 843 853 891 irato
880 843 997 901 Jovi
1031 840 1259 890 obtrudit
1280 840 1376 888 tela
1392 874 1404 893 ‚
1437 840 1607 897 trzfhlco
1622 843 1722 899 jgne
1744 844 1964 895 urentia,
1988 856 2099 904 quae

334 907 598 956 subtilitate
619 906 701 955 sua
724 922 879 971 poros
909 920 1089 954 omnes
1114 905 1337 951 celeriter
1355 915 1633 967 permeant,
1647 904 1957 968 lignaquffi&
1976 920 2106 953 mar-

335 986 484 1020 mora
514 982 790 1019 momento
822 971 874 1017 in
905 968 1166 1032 pulverem
1202 965 1449 1030 redigunt.
1553 967 1686 1015 Hinc
1717 967 1934 1022 fastum,
1957 983 2101 1023 reor,

337 1050 426 1083 cur
451 1033 533 1083 isti
568 1033 781 1083 fulmine
810 1030 1086 1094 aliquando
1124 1030 1447 1094 disparuerint
1470 1062 1482 1082 ‚
1510 1030 1654 1093 quod
1684 1030 1747 1079 de
1766 1032 2001 1081 Romulo
2022 1033 2104 1081 Li-

337 1101 469 1147 vius:
507 1113 627 1146 nam
656 1097 953 1160 contingere
981 1096 1174 1158 potuit,
1196 1106 1249 1142 ut
1268 1105 1544 1141 momento
1574 1094 1919 1159 redigerentur
1939 1098 1992 1145 in
2014 1097 2108 1144 mi·

337 1158 650 1273 nutilgrmum
676 1160 963 1225 pulverem,
996 1159 1083 1221 qui
1103 1169 1379 1207 ventorum
1418 1157 1617 1207 turbine
1639 1159 1694 1208 in
1721 1174 1862 1210 auras
1883 1158 2102 1223 denique

335 1223 395 1275 sit
414 1225 462 1274 di
502 1242 517 1273 1
555 1236 678 1273 atus,

85 1291 297 1338 Cardanm
467 1240 666 1339 LEpUC:
754 1288 874 1337 Hoc
898 1285 932 1335 si
959 1301 1170 1340 verum,
1199 1298 1350 1332 urente
1371 1287 1550 1350 pariter
1571 1284 1759 1346 fulmine
1791 1286 1979 1342 taC‘ms,
2001 1303 2106 1341 cre-

84 1355 114 1402 l,
135 1357 176 1404 8.
191 1371 271 1400 va,
339 1352 409 1402 do
425 1385 438 1406 2
459 1353 704 1402 Meffores
724 1352 854 1406 illos,
874 1352 960 1414 qui
981 1352 1034 1399 in
1055 1352 1261 1400 Lemno
1284 1349 1470 1405 Insula,
1492 1349 1612 1399 cum
1633 1348 1769 1400 forte
1789 1349 1995 1402 fortuna
2012 1366 2102 1400 cae-

84 1420 299 1479 riet.c.43
337 1428 823 1470 narent,momento
844 1416 1042 1464 fuerant
1070 1414 1360 1463 exanimati:
1400 1417 1449 1463 ὅ(
1480 1414 1625 1477 quod
1650 1417 1868 1470 mireris,
1889 1416 1997 1465 fato
2026 1431 2104 1466 ex-

336 1478 578 1545 spirarunt
598 1483 667 1529 ita
685 1480 924 1533 mirabili,
947 1490 1001 1527 ut
1020 1490 1301 1531 manerent,
1328 1477 1516 1526 eodem
1532 1480 1587 1527 in
1609 1477 1719 1533 situ,
1740 1481 1991 1528 exanimes
2023 1495 2104 1530 ve·

337 1544 426 1593 luti
446 1540 638 1597 statuae,
657 1539 844 1605 hicque
871 1542 1173 1595 comedere,
1195 1542 1233 1589 is
1266 1543 1344 1590 ori
1383 1541 1666 1591 admovere
1693 1543 1944 1607 poculum
1969 1543 2102 1593 vide·

337 1620 488 1655 retur,
586 1603 733 1660 ‘Imo‚
752 1603 947 1663 jurass'es
968 1606 1140 1658 vivos,
1162 1602 1216 1651 ni
1245 1605 1520 1653 mortuales
1544 1605 1730 1658 larvas,
1756 1606 1966 1669 fuligine
1988 1608 2102 1656 luri—

338 1670 430 1718 dus
450 1666 702 1735 probasset
721 1669 886 1722 color,
907 1662 1111 1729 levique
1131 1667 1264 1715 rafim
1278 1670 1331 1714 in
1357 1669 1544 1715 cineres
1568 1667 1877 1718 corruissent.
1977 1671 2103 1719 Haec

339 1729 557 1798 potestas
583 1736 749 1779 urentia
767 1730 978 1790 flammae5
1017 1733 1182 1795 capio.
1250 1730 1351 1778 Sed
1383 1729 1506 1778 illud
1537 1731 1802 1796 Oedipum
1825 1733 1976 1797 petit,
2010 1749 2101 1783 cur

339 1799 586 1859 liquores,
608 1795 821 1844 fulmine
844 1794 984 1848 raeti,
1004 1793 1069 1843 sic
1099 1805 1505 1858 corrumpantur,
1527 1805 1581 1841 ut
1606 1791 1798 1843 temere
1818 1808 2101 1859 potantem,

339 1861 420 1908 vel
443 1862 638 1909 ratione
657 1860 869 1924 privent,
895 1858 975 1906 vel
994 1853 1122 1908 vita?
1202 1859 1360 1902 MEL:
1436 1857 1684 1906 Refundit
1701 1859 1955 1923 Peripatus
1981 1860 2103 1917 ejus-

339 1924 488 1973 modi
515 1925 853 1988 expcrimenta
880 1923 932 1969 in
953 1933 1222 1972 venenatas
1248 1921 1535 1982 qualitates,
1557 1922 1610 1968 in
1638 1922 2023 1985 graveolentem
2045 1941 2103 1974 o-

340 1988 523 2037 dorem
557 1986 796 2052 sulphuris
825 2019 840 2039 ,
876 1987 930 2034 in
963 1983 1292 2034 diffusionem
1326 1985 1605 2033 noxiorum
1642 1986 1900 2049 spirituum
1923 2020 1938 2041 ,
1967 2003 2103 2051 quos

340 2050 369 2100 ὲ
402 2051 719 2116 putrescentis
751 2062 889 2099 terra:
919 2049 1146 2098 cavernis
1172 2062 1283 2096 non
1317 2044 1433 2097 raro
1461 2046 1709 2095 attrahere
1734 2048 1859 2096 solet
1882 2050 2099 2102 fulmen.

78 2110 296 2159 'Schottm
342 2114 604 2171 Ejusmodi
644 2126 897 2163 venenato
926 2112 1114 2177 spicuio
1144 2111 1266 2160 idtus
1300 2111 1383 2159 ille
1415 2112 1467 2158 in
1497 2112 1728 2174 Peripato
1758 2112 1985 2176 Sophus,
2010 2117 2100 2178 qui

341 2178 605 2243 lymphato
624 2176 792 2226 fimilis
812 2176 1032 2225 discurrit
1048 2191 1133 2240 per
1154 2173 1516 2239 templum‚fi.bi
1534 2174 1675 2223 reddi
1691 2173 1947 2239 postulans
1970 2178 2103 2228 abla-

341 2256 453 2290 tum
475 2255 646 2306 caput:
683 2240 824 2289 subin
844 2237 1092 2288 restitutus
1109 2238 1197 2288 fibi
1221 2239 1283 2287 ad
1300 2237 1530 2302 pluteum
1546 2235 1718 2290 rediit3
1738 2239 1820 2289 sed
1846 2244 1994 2291 tertio
2018 2244 2101 2292 die

340 2302 546 2369 repente
567 2308 756 2353 corruit
775 2301 907 2352 triste
932 2304 1098 2352 funus,
1198 2301 1327 2351 Illud
1350 2302 1568 2356 mirum,
1593 2299 1738 2366 quod
1769 2318 2037 2361 venenata,
2062 2307 2102 2357 fi

326 2368 554 2419 ›fuimine
577 2380 866 2429 tangantur,
888 2366 1093 2416 subinde
1111 2380 1366 2422 venenum
1390 2379 1607 2428 ponant,
1633 2369 1683 2416 ὅ(
1709 2365 1954 2432 serpentes
1977 2386 2101 2420 con-

339 2444 414 2480 tra
445 2432 695 2481 Naturam
724 2432 1136 2479 vermiculcntur:
1174 2430 1302 2477 ratio
1332 2427 1561 2484 forsitan,
1590 2431 1733 2491 quod
1763 2446 2018 2482 venenum
2045 2450 2097 2483 u-

333 2511 464 2547 num
490 2496 805 2549 contrarium
827 2494 966 2547 alteri
989 2528 1005 2553 2
1035 2507 1124 2547 aut
1155 2492 1336 2547 halitus
1360 2493 1535 2564 igneus
1565 2493 1842 2548 humorem
1871 2496 2096 2610 absfurnat

1967 2576 2027 2612 n-
