2182 2916
783 66 958 136 Poloffim·
989 70 1209 138 Mysticm‘.
1720 79 1758 133 7
1764 82 1787 133 5

239 163 437 222 LEUC:
473 161 731 230 Cynicum
761 163 970 215 dentem
1004 164 1269 231 conjungit
1290 160 1455 216 barbae
1488 163 1572 216 hie
1599 160 1847 217 Venetus.

81 228 225 303 Quid
246 230 368 298 ergo
405 231 469 280 de
498 228 730 279 dentibus
767 228 948 278 eruditi
983 227 1278 294 Philosophi
1319 230 1651 279 memorant?
1685 231 1850 276 MEL:

81 298 276 351 Pauca,
309 295 468 345 relatu
488 305 662 342 tamen
679 289 974 357 dignissima.
1043 293 1236 345 Dentes
1257 293 1424 342 invieti
1449 292 1673 358 ignibus,
1702 290 1854 356 quod.

85 361 279 409 mireris
301 390 316 413 ,
350 368 591 407 cavantur
629 352 806 421 pituita
841 372 853 403 z
907 354 1081 404 dentes
1120 354 1333 404 humani
1360 388 1375 411 ‚
1419 358 1649 404 toxicum
1684 355 1847 419 quod·

84 423 206 472 dam
230 422 370 471 alunt
388 456 400 473 ‚
437 420 555 470 hinc
579 434 638 467 ex
654 417 864 469 adverso
887 418 1092 471 nudati,
1130 420 1352 467 nitorem
1376 419 1558 483 speculi
1578 417 1846 473 hebetant,
1874 452 1908 495 5
1925 453 1967 496 G
1996 452 2016 499 ἶ

75 489 131 537 <Sc
148 484 508 535 columbarum
528 483 683 533 foetus
696 483 968 546 implumes
998 494 1207 530 necant:
1244 482 1492 547 triplicem
1517 481 1747 531 dentium
1767 497 1849 531 or-
1876 469 1995 571 lgnsa
2011 483 2030 491 “

74 549 249 599 dinem
269 581 284 602 ,
317 549 457 599 velut
480 547 721 596 eximium
749 546 1053 594 fortitudinis
1077 544 1274 608 signum
1304 578 1316 599 ‚
1365 542 1753 610 historiographi
1783 545 1846 594 de
1961 550 1972 561 ’

71 611 293 662 Hercule
319 612 557 661 referunt.
626 608 758 658 Illud
769 610 1065 673 Hippocrati
1089 606 1157 657 est
1175 609 1517 673 exploratum,
1546 606 1718 672 quod,
1755 610 1845 672 qui

73 674 225 725 dente
245 675 507 740 multiplici
529 673 798 740 praevalent
820 707 833 723 ‚
871 672 1169 736 praevaleant
1194 669 1320 722 Vita:
1355 674 1609 721 raritatem
1633 669 1758 722 vero
1790 674 1845 722 in

72 737 331 790 dentibus,
368 735 744 803 compendiosae
769 734 865 784 effe
884 737 995 785 vitae
1024 735 1286 785 indicium.
1359 732 1630 786 Ordinaria
1655 748 1842 785 naturae

73 802 184 867 lege
205 835 218 856 ,
253 800 563 866 trigesimum
602 814 875 849 numerum
908 799 988 849 vel
1026 798 1304 863 adimplent
1338 799 1419 848 vel
1456 799 1684 864 superant
1714 811 1726 847 1
1761 800 1844 848 Ti-

70 865 287 914 marcho
307 878 481 914 tamen
500 865 726 914 Nicoclis
746 861 855 911 filio
885 878 996 910 non
1025 861 1112 910 nifi
1143 864 1410 927 geminum
1442 862 1674 917 dentem,
1704 865 1846 926 Pyrr-

73 927 148 977 ho
169 931 489 993 Epirotarum
507 929 636 992 Regi
659 942 770 976 non
790 925 877 974 nifi
891 926 1099 975 unicum
1112 924 1250 974 fuiffe
1270 926 1497 990 legimus,
1546 927 1845 977 Gloriosum

79 1007 241 1041 omen
255 1025 268 1046 ,
287 994 339 1042 ὅ(
363 992 620 1057 optimum
644 1024 658 1046 ‚
694 1005 878 1055 pueros
899 988 1160 1038 nascicum
1180 989 1428 1045 dentibUS,
1449 987 1717 1055 peffimum
1738 988 1840 1040 nas-

71 1057 121 1105 ci
144 1055 421 1104 foemellas:
458 1050 660 1102 testatur
680 1052 783 1102 hoe
806 1053 976 1102 Cneus
998 1054 1240 1117 Papirius,
1263 1056 1312 1104 &
1331 1053 1534 1103 Marcus
1549 1054 1711 1103 Curio
1725 1054 1843 1104 den-

74 1129 203 1167 tatus
223 1136 234 1167 :
272 1131 482 1180 uterque
504 1118 674 1166 lucem
689 1150 703 1170 ,
725 1131 881 1180 quam
904 1132 1024 1164 cum
1046 1117 1278 1165 dentibus
1303 1116 1526 1165 hauserat
1549 1150 1561 1171 ,
1580 1114 1843 1182 gestorum

74 1179 238 1245 gloria
271 1178 584 1231 illustratam:
621 1176 824 1228 testatur
854 1178 958 1228 hoc
995 1179 1289 1230 Ludovieus
1312 1181 1452 1230 XIV.
1489 1181 1600 1230 Rex
1634 1181 1805 1230 Galliae
1826 1214 1840 1236 ‚

70 1260 229 1307 quem
251 1257 428 1293 natum
450 1259 569 1292 cum
589 1241 803 1291 heroico
833 1242 982 1290 dente
1004 1275 1015 1296 ,
1053 1244 1168 1306 quia
1190 1255 1344 1292 acuto
1370 1276 1382 1297 ,
1421 1245 1571 1292 etiam
1595 1246 1646 1293 in
1667 1244 1840 1301 juven-

71 1321 178 1358 tute
215 1306 354 1356 sensit
375 1340 389 1361 ,
411 1309 462 1357 ὅς
497 1306 661 1354 doluit
697 1305 917 1355 Haerefis.
978 1304 1288 1370 Oppositum
1309 1308 1360 1354 in
1380 1306 1619 1356 foemellis
1637 1304 1839 1358 testatur
1862 1314 1903 1362 S.
1917 1315 2022 1364 Gal-

70 1371 304 1434 quaedam
315 1371 516 1420 Valeria
537 1401 551 1423 ,
586 1383 741 1430 quam
761 1401 774 1421 ,
811 1370 927 1431 quia
948 1383 1068 1417 cum
1092 1368 1324 1418 dentibus
1353 1382 1525 1419 natam
1546 1403 1560 1424 ,
1595 1372 1747 1421 exitio
1771 1374 1837 1422 ci·
1862 1376 1958 1436 lenfi

73 1436 211 1485 vitati
230 1431 713 1496 futuram,praedixit
734 1431 1018 1480 Oraculum
1044 1464 1057 1484 ‚
1092 1446 1185 1483 nec
1210 1432 1402 1481 fefellit.
1458 1433 1589 1482 Illud
1611 1436 1800 1486 mirum
1821 1469 1835 1491 ,

72 1497 218 1560 quod
241 1495 362 1546 sicut
394 1497 447 1543 in
469 1494 669 1543 colubri
697 1494 909 1544 cerebro
932 1509 1139 1557 gemma
1163 1528 1177 1549 ,
1214 1497 1266 1544 in
1302 1498 1451 1544 maris
1487 1494 1687 1547 concha
1721 1515 1836 1564 pro-

68 1562 318 1625 germinat
334 1560 600 1623 margarita
621 1591 637 1612 ,
672 1560 739 1606 ita
750 1560 802 1606 in
819 1558 966 1615 Silefij
987 1558 1312 1607 adolescentis
1325 1562 1525 1625 gingiva
1537 1560 1658 1610 dens
1671 1576 1838 1626 quon-

71 1624 190 1673 dam
218 1638 393 1672 aureus
418 1619 753 1687 protuberarit
774 1655 788 1675 ,
822 1620 857 1670 si
880 1622 1270 1688 Nicrembergio
1292 1622 1413 1672 fides
1435 1642 1447 1671 :
1494 1627 1544 1674 δε
1567 1626 1798 1689 nunquid
1815 1660 1831 1680 ,
1860 1631 2073 1687 l.1,c,10,

68 1686 104 1737 fi
124 1687 342 1752 pluribus
367 1685 682 1734 nascerentur
704 1685 947 1741 ejusmodi
974 1685 1146 1734 dentes
1162 1719 1174 1739 ,
1213 1686 1375 1751 plures
1401 1687 1702 1737 haberemus
1734 1689 1835 1739 chi-

67 1767 244 1815 rurgos
267 1753 282 1798 ἒ
318 1749 519 1799 Eodem
537 1745 659 1796 teste
679 1782 692 1802 ,
713 1749 834 1797 dens
853 1748 1099 1806 albiSirnij
1119 1782 1132 1802 ,
1151 1751 1392 1814 Peguano
1411 1753 1567 1815 Regi,
1594 1748 1834 1815 Indisque
1858 1760 2063 1823 l.9.c.41.

67 1817 191 1864 tanti
213 1814 350 1879 pretij
373 1812 493 1866 fuit,
526 1824 581 1860 ut
601 1844 615 1866 ,
640 1808 917 1880 postquam
934 1808 1275 1861 Constantino
1310 1813 1570 1863 Lusitaniae
1598 1817 1834 1881 Protegi‚

69 1893 190 1927 cum
217 1893 337 1941 gaza
359 1877 560 1939 regiain
578 1875 797 1938 praedam
809 1873 1036 1926 cefliffet,
1058 1887 1280 1924 trecenta
1293 1890 1685 1932 coronatorum,
1702 1894 1834 1942 quos

69 1953 257 1990 vocant
272 1974 283 1994 ,
307 1939 460 1988 millia
485 1939 537 1986 in
558 1938 684 1985 illius
708 1938 1211 2001 lytrum-obtulerint.
1267 1936 1383 1987 Imo
1411 1939 1721 2004 legationem
1744 1944 1836 1991 mi-

67 2003 176 2053 sere
200 2018 421 2052 annuam
437 2035 450 2057 ,
486 2000 768 2066 ingentibus
788 2000 1020 2049 thesauris
1041 1998 1220 2050 onusta
1241 2004 1381 2053 navi,
1398 2015 1453 2051 ut
1473 2003 1597 2052 illius
1612 2003 1835 2055 solumo-
1890 2020 1892 2023 ’

72 2066 141 2115 do
162 2067 417 2131 Sigillum,
439 2066 727 2114 aromaticae
749 2063 951 2113 cuidam
973 2076 1117 2113 cretae
1138 2098 1150 2118 ,
1187 2063 1418 2128 auroque
1445 2062 1665 2116 conditae
1679 2101 1691 2122 ,
1720 2068 1834 2118 lice-

69 2143 144 2177 ret
172 2132 475 2194 imprimere.
545 2123 698 2176 Certe
731 2127 980 2185 ejusmodi
1014 2127 1244 2177 dentium
1281 2128 1489 2178 messem
1519 2129 1554 2178 si
1591 2129 1838 2181 habuisset

73 2192 321 2245 Cadmus,
341 2208 450 2240 non
468 2190 744 2256 projecisset
766 2224 779 2245 ,
803 2189 884 2239 sed
908 2190 1075 2240 ereQO
1098 2190 1327 2241 dentium
1357 2194 1672 2258 monopolio
1699 2228 1712 2250 ,
1748 2211 1832 2245 ve-

70 2255 205 2304 nales
225 2255 355 2302 Indis
377 2254 718 2318 proposuisset.

231 2317 426 2369 LEUC:
465 2317 625 2381 Qod
645 2317 778 2366 Indis
790 2316 927 2373 Simij
954 2316 1270 2370 dentes,hoc
1285 2318 1434 2368 Pei-fis
1454 2321 1613 2370 Nares
1641 2320 1752 2371 sunt
1781 2339 1828 2372 a-

71 2382 268 2445 quilinae
290 2413 302 2434 ‚
339 2380 517 2442 quibus
547 2383 598 2429 in
612 2381 732 2445 Cyri
761 2382 1067 2429 memoriam
1100 2414 1112 2434 ,
1150 2397 1257 2430 non
1296 2381 1410 2433 raro
1445 2383 1558 2432 thus
1586 2385 1823 2441 adolent,
1854 2373 2076 2433 Plutarch,

71 2447 139 2493 ita
163 2457 217 2492 ut
236 2458 344 2492 non
366 2442 452 2492 nisi
473 2459 531 2491 ex
550 2443 744 2492 adunca
769 2443 1068 2508 proboscide
1089 2444 1369 2495 humanam
1398 2447 1825 2510 pulchritudinem
1854 2453 1897 2482 Μ
1922 2443 2075 2503 apoph-

66 2509 357 2560 metiantur.
423 2508 484 2560 Et
502 2506 624 2572 quid
649 2507 890 2558 emunCtae
913 2509 1041 2620 ηείἑίε
1071 2507 1359 2576 Philosophi
1382 2512 1443 2560 de
1464 2509 1567 2562 hoc
1585 2512 1828 2562 membro

1041 2583 1069 2616 2
1687 2576 1768 2624 vel
