2177 2905
389 95 478 157 198
1020 91 1166 141 Momz'
1191 89 1401 148 Fenestra.

325 199 418 244 ter,
443 186 529 237 nifi
542 186 673 238 Huic
692 188 880 238 amoris
900 186 1205 251 deliquium,
1227 191 1301 240 llli
1323 203 1465 240 mors
1488 188 1733 249 violenta,
1747 188 1858 243 vitae
1875 187 2030 243 stame
2043 188 2080 242 n

322 251 566 301 maturius
590 252 871 319 abrupiffet.

447 316 646 366 LEUC:
726 318 811 366 Sat
840 328 974 382 patet
998 350 1011 372 ,
1042 319 1343 382 temperiem
1378 317 1509 368 hanc
1537 334 1647 368 non
1687 315 1949 369 immerito
1984 318 2081 369 dici

321 379 385 428 ad
415 379 616 443 pondus
635 413 648 432 ,
675 383 790 444 quia
821 380 999 429 cuncta
1038 383 1090 429 in
1115 382 1372 444 pondere,
1398 385 1445 432 ὗε
1480 380 1724 432 mensura.
1828 382 1927 432 Sed
1956 398 2082 431 nun-

322 442 446 506 quid
476 459 583 493 rara
612 442 718 493 haec
746 441 815 492 est
840 445 941 493 avis
970 443 1301 492 Paradiliaca?
1378 447 1535 493 MEL:
1603 448 1676 496 Ita
1707 443 1807 494 est:
1842 462 1966 495 nam
1996 443 2084 495 sta-

320 519 481 555 teram
505 509 708 557 Naturae
731 505 909 567 justam
934 506 1162 572 depreilit
1189 507 1408 557 nimium
1455 511 1602 569 primi
1625 512 1814 575 peccati
1847 508 2080 575 poncius,

319 570 410 620 nifi
434 570 496 619 ad
517 572 851 634 aequilibrium
872 571 1012 619 illam
1035 569 1208 620 denuo
1236 569 1425 637 redig'at
1448 572 1645 638 infignis
1676 574 1858 623 virtus:
1895 573 1976 622 sed
1997 571 2083 622 hie

318 632 650 689 Rhodus,ubi
674 636 845 684 laltant
862 636 973 682 rari.
1020 636 1218 686 LEUCt
1276 636 1439 699 Quod
1469 635 1592 701 ergo
1615 649 2081 702 temperamentum

320 698 620 747 mortalibus
652 697 811 763 magis
833 699 1086 747 comune?
1128 702 1286 746 MEL:
1323 701 1452 749 Non
1478 696 1875 762 existimo,quod
1899 702 2080 750 Natio·

320 778 443 812 nem
468 759 612 811 facile
632 761 687 811 lit
709 764 938 827 reperire,
966 777 1074 826 qua:
1096 778 1205 811 non
1225 762 1456 826 quamvis
1478 766 1528 812 in
1558 763 1604 812 se
1634 763 1870 829 agnoscat
1890 770 2084 829 tempe-

323 829 469 876 riem.
517 826 573 874 Id
595 839 767 875 tamen
783 823 852 874 est
875 828 926 873 in
948 825 1510 889 e011feflb,frequcntius
1542 842 1698 875 unam
1721 829 1772 874 in
1794 842 1891 875 una
1903 830 2084 877 Natio-

320 906 386 939 ne
411 889 801 953 inveniri,quam
825 890 990 938 aliam.
1029 890 1360 938 Germaniam
1381 889 1593 938 afferunt
1615 888 1869 937 abundare
1889 903 2082 955 tempe-

320 955 560 1004 ramentis
576 954 954 1003 melaneholieo
968 983 985 989 -
996 953 1371 1017 langiiineis,vel
1393 953 1734 1017 phlegmatico
1748 983 1765 990 -
1780 952 2052 1018 sanguineis
2069 972 2080 1002 ε

323 1019 543 1068 Galliam
560 1019 862 1083 sanguineo·
878 1017 1158 1070 cholericis,
1173 1017 1256 1065 vel
1280 1015 1876 1080 cholerico-sanguineis.
1914 1017 2083 1082 Hispa-

321 1084 397 1131 nis
420 1082 702 1131 adscribunt
733 1080 951 1130 crebriuS
984 1082 1285 1145 temperiem
1316 1079 2078 1129 cholerico-melancholicam:

323 1147 456 1196 Italis
479 1145 888 1195 melancholico-
903 1143 1229 1192 cholericam.
1334 1144 1548 1193 Causam
1573 1143 1717 1199 hujus
1741 1143 2027 1193 diversitatis
2048 1144 2084 1194 si

321 1224 469 1275 roges
488 1243 500 1264 ,
526 1211 664 1258 illam
689 1224 838 1258 more
870 1207 958 1256 suo
974 1244 985 1259 ‚
1012 1205 1275 1271 Astrologi
1304 1208 1356 1255 in
1381 1208 1606 1256 Planctas
1638 1207 1936 1262 refundent,
1958 1212 2006 1258 ὅ(
2029 1207 2081 1257 fi-

321 1290 420 1339 gna
446 1271 691 1322 coelestia:
730 1272 811 1321 sed
834 1270 1155 1320 conformius
1181 1272 1249 1320 illi
1275 1270 1337 1320 ad
1360 1271 1571 1336 scopum
1589 1304 1601 1325 ,
1626 1272 1709 1333 qui
1734 1287 1842 1319 non
1869 1274 1980 1326 uni,
2002 1272 2083 1321 sed

321 1337 464 1393 variis
491 1339 630 1387 illam
651 1336 803 1386 causis
826 1335 1124 1384 attribuunt:
1163 1335 1427 1384 influxibus
1450 1349 1637 1399 nempe
1664 1332 1948 1383 coelestibus
1965 1368 1978 1389 ,
2001 1336 2083 1384 cli-

320 1402 472 1454 mati,
498 1404 624 1457 ae'ri,
649 1402 967 1454 educationi,
996 1399 1267 1450 alimento,
1293 1398 1611 1460 qualitatibus
1631 1399 1819 1462 patriis,
1845 1403 1892 1448 ὅ(
1918 1400 2083 1463 praeci-

322 1462 421 1533 pue
445 1465 876 1530 progenitoribus:
916 1479 1060 1518 nam,
1085 1462 1336 1512 ordinaria
1363 1464 1567 1511 Naturae
1588 1462 1713 1526 lege,
1734 1462 1892 1511 fortes
1917 1478 2084 1512 crean-

322 1544 404 1579 tur
437 1531 683 1584 fortibus,
714 1544 807 1577 nec
834 1527 1123 1579 imbellem,
1152 1525 1207 1574 ut
1240 1525 1479 1578 diximus,
1505 1525 1699 1572 feroces
1732 1527 1906 1588 aquilae
1935 1542 2084 1590 gene-

324 1606 436 1644 rant
467 1594 793 1644 columbam3
838 1591 960 1639 cum
997 1589 1175 1639 contra
1216 1589 1514 1653 plerumque
1560 1588 1756 1639 videas,
1792 1590 1910 1636 mali
1937 1593 2082 1639 corvi

322 1659 520 1708 malum
549 1655 642 1705 effe
669 1671 859 1706 ovum,
885 1650 1146 1716 qualisque
1179 1668 1322 1715 ager,
1348 1652 1462 1700 talia
1493 1652 1707 1705 semina,
1732 1655 1784 1701 <Sc
1816 1668 2084 1715 nunquam

325 1721 505 1772 melius
520 1755 533 1774 ,
555 1718 711 1783 quam
736 1734 793 1766 ex
815 1717 995 1765 arbore
1016 1717 1256 1781 cognosci
1277 1715 1480 1764 fructus.

457 1784 655 1835 LEUC:
741 1783 883 1833 Unus
907 1782 1188 1829 etiamnum
1211 1780 1463 1843 scrupulus
1504 1777 1681 1833 haeret,
1707 1793 1862 1841 quem
1887 1780 2080 1831 curiosa

326 1848 453 1900 mihi
478 1847 659 1897 sciendi
683 1845 948 1910 cupiditas:
995 1845 1260 1906 quodnam
1280 1839 1393 1907 post
1411 1854 1873 1907 temperamentum
1891 1846 2084 1902 Solate,

326 1913 410 1963 seu
436 1912 498 1961 ad
528 1910 756 1977 pondus,
791 1911 917 1956 inter
949 1907 1217 1970 conjugata
1249 1908 1505 1970 optimum
1541 1907 1823 1970 proclamat
1858 1907 2083 1958 Philoso-

327 1977 471 2043 phia?
539 1976 696 2021 MEL:
764 1972 1036 2021 Problema
1065 1971 1270 2019 adducis
1290 1973 1341 2018 in
1365 1969 1620 2023 medium,
1644 1970 1812 2031 quod,
1836 1969 1936 2019 fine
1958 1974 2082 2021 invi-

330 2041 436 2094 dia,
463 2054 556 2088 nec
577 2038 700 2103 ipse,
725 2051 866 2089 reor,
891 2034 1142 2083 decideret
1164 2034 1381 2098 Apollo.
1465 2032 1523 2081 Id
1543 2048 1702 2081 nemo
1726 2032 1869 2082 facile
1893 2034 2080 2085 inficia-

328 2104 487 2156 bitur,
512 2101 820 2151 decisionem
842 2101 935 2147 litis
959 2114 1015 2146 ex
1046 2097 1322 2148 diverlitate
1353 2096 1462 2144 finis
1485 2096 1772 2160 petendam.
1874 2099 2082 2163 Sangui-

301 2206 305 2209 ·
328 2183 456 2217 neos
477 2167 674 2225 longioris
692 2167 792 2210 vitae
824 2166 877 2210 eff
894 2163 1096 2220 fizm'tatis
1120 2161 1353 2217 Podalirij
1390 2159 1631 2216 judicant:
1669 2175 1764 2208 nec
1787 2161 2080 2216 immerito;

329 2247 449 2280 nam
490 2230 575 2278 ubi
611 2228 820 2293 suppetit
852 2227 1015 2280 calor,
1045 2241 1155 2274 non
1182 2223 1420 2273 deficiunt
1445 2223 1660 2292 spirituss
1687 2224 1772 2272 ubi
1807 2225 2098 2276 humidum

329 2294 542 2343 radicale
569 2290 816 2343 abundat,
842 2286 1033 2338 stamen
1057 2291 1168 2338 vitae
1192 2303 1300 2336 non
1324 2288 1569 2339 exareicit,
1594 2286 1680 2335 nili
1703 2289 1936 2337 violentis
1955 2290 2079 2340 illud

327 2356 559 2406 manibus
580 2358 881 2419 abrumpant
901 2355 1080 2402 Parcae.
1150 2349 1403 2401 Caeterum
1425 2348 1451 2398 a
1475 2349 1706 2399 Parnaffo
1731 2352 1958 2407 exulant,
1983 2356 2032 2403 ὃς
2049 2353 2078 2402 ὲ

328 2423 560 2485 Peripato
584 2418 778 2466 dudum
802 2418 1072 2481 proscripta
1102 2416 1212 2464 sunt
1235 2426 1632 2477 temperamenta
1659 2413 1920 2479 simplicia:
1957 2431 2078 2464 nam

330 2483 578 2548 sanguinei
617 2481 661 2529 se
686 2480 903 2528 nimium
934 2480 1154 2545 probant
1180 2479 1431 2528 volatiles:
1469 2475 1624 2526 sidera
1652 2477 1763 2526 sunt
1791 2479 2078 2544 sempeter-

329 2549 512 2604 rantia,
537 2558 802 2608 nunquam
822 2542 932 2594 fixa.
1035 2542 1294 2594 Cholerici
1315 2540 1426 2591 sunt
1456 2538 1607 2590 nimis
1634 2544 1929 2610 praecipites:
1973 2542 2105 2606 ple-‘

1875 2619 2010 2656 sunl-
