2132 2916
353 103 375 140 1
385 101 408 151 3
417 102 451 139 0
964 81 1146 150 Wrgula
1164 87 1385 151 Morphei.

283 189 548 241 calidiores
567 184 832 239 ventriculi
852 183 1059 242 halitus,
1083 186 1135 236 in
1158 182 1309 237 Zona
1335 184 1526 236 cerebri
1554 182 1762 253 frigida,
1785 187 1932 241 nullo
1964 203 2052 241 ne-

284 256 433 320 gotio
458 248 900 318 constringuntur,
921 262 978 302 ut
995 249 1233 301 deorsum
1260 247 1435 302 denuc>
1466 250 1608 309 trusi,
1638 254 1777 304 viam
1808 252 2052 320 spiritibus

284 315 640 370 intercludant.

447 380 648 431 LEUC:
714 377 956 442 Fatigatio
983 377 1131 444 saepe,
1167 375 1203 427 fi
1230 391 1342 427 non
1368 376 1561 444 semper
1589 412 1604 435 ‚
1639 375 1710 429 est
1736 380 1947 445 genitrix
1979 380 2052 432 su-

285 445 425 495 doris
446 477 461 498 ,
496 438 734 507 adeoque
754 444 805 493 &
828 443 937 491 avia
966 441 1189 491 siccitatis
1214 475 1229 496 ,
1264 442 1596 505 quam‘sndor
1621 445 1673 492 in
1700 445 1943 493 membris
1967 460 2051 510 ge-

284 520 428 559 nerat
453 525 464 556 :
501 506 639 556 unde
671 508 819 577 igitur
837 506 920 553 illa
947 505 1170 570 suppetet
1193 504 1442 555 halituum
1454 508 1628 571 copia,
1653 522 1763 570 quae
1785 508 2053 558 obnubilet

285 571 580 636 cerebrum,
604 566 857 647 festosque
880 570 1061 617 oculos
1091 569 1155 617 ad
1176 569 1342 618 somni
1362 572 1586 632 quietem
1608 571 1838 620 claudat?
1890 574 2050 620 MEL:

286 634 454 700 Quod
470 633 681 694 fatigatio
697 632 939 702 suuorem-
966 635 1171 697 corpori
1196 635 1462 697 exprimat,
1485 649 1646 683 nemo
1676 637 1947 699 negaverit,
1966 633 2054 684 nifi

286 698 502 765 pulvillo
523 697 715 763 semper
743 696 915 745 affixus
939 695 1257 759 Endymion:
1295 696 1377 745 sed
1392 699 1443 747 <Sc
1464 696 1652 746 eodem
1672 698 1842 747 calore
1868 698 2056 748 humo-

287 777 365 812 res
380 796 394 817 ,
418 776 550 826 quos
571 762 624 810 in
645 759 888 810 membris
907 758 1025 808 hinc
1048 759 1165 807 inde
1193 759 1428 823 dispersos
1444 793 1456 814 ,
1480 757 1879 824 constrictosque
1902 762 2058 826 frigo-

287 840 345 876 re
372 827 594 879 invenit,
627 824 801 878 solvit,
831 822 1110 885 liquefacit,
1136 826 1185 873 &
1213 824 1437 871 alimenti
1472 820 1597 872 loco
1628 837 1870 888 evaporat
1889 825 1951 874 ad
1979 840 2057 874 cc-

289 890 515 940 rebrum.
585 887 776 950 Quod,
804 885 838 935 fi
873 884 1070 936 deficiat
1102 886 1352 943 ejusmodi
1383 885 1602 941 humor,
1624 886 1792 935 deficit
1824 887 2059 943 somnus,

289 953 525 1009 laborem
545 953 710 1017 vigilia
735 950 927 1015 excipit.
997 948 1178 998 Hincsi
1208 951 1395 1003 nimio,
1421 946 1688 1011 subitoque
1707 962 1858 999 motu
1880 950 2062 1000 exhau-

290 1013 372 1066 stae
394 1015 488 1065 lint
515 1016 745 1080 corporis
768 1015 921 1067 vires,
947 1012 1155 1061 somnus
1184 1012 1247 1060 acl
1279 1012 1431 1075 usque
1460 1013 1740 1075 deliquium
1768 1013 1937 1062 obesse
1968 1029 2061 1078 po-

289 1077 408 1129 test:
445 1095 568 1129 nam
591 1077 713 1127 cum
736 1077 914 1126 caloris
932 1077 1162 1138 reliquias
1188 1076 1250 1124 ad
1271 1077 1464 1124 interna
1495 1076 1663 1124 cordis
1689 1078 1958 1140 penetralia
1987 1092 2062 1126 rc-

288 1155 470 1257 ἶςέεῗῖ
487 1143 651 1192 moles
675 1141 903 1206 corporis
926 1139 1187 1206 spirituum
1206 1141 1383 1204 vigore
1411 1136 1640 1188 destituta
1659 1137 1853 1197 deficit,
1878 1143 1928 1192 ὅ(
1952 1140 2058 1191 col-

311 1223 337 1258 a
376 1223 402 1256 a
425 1219 506 1255 cit.

285 1329 288 1331 Α
419 1270 618 1322 LEUCz
685 1268 747 1318 Et
762 1264 997 1316 alimenta
1024 1281 1252 1330 quoque,
1273 1266 1350 1317 Te
1361 1265 1565 1325 Judicc,
1587 1265 1828 1316 somnum
1846 1266 1926 1317 vel
1945 1281 2060 1316 mo-

289 1346 439 1388 vent,
461 1334 541 1385 vel
563 1343 895 1399 promovent.
999 1332 1065 1382 Ut
1092 1330 1212 1393 quid
1244 1327 1367 1394 crgo
1390 1330 1586 1383 multis,
1607 1326 1855 1393 variisque
1885 1327 2062 1386 eduliis

291 1410 552 1464 gravatos,
575 1397 782 1446 somnus
806 1394 959 1457 fugit,
986 1406 1100 1443 utut
1133 1395 1264 1442 votis
1302 1393 1543 1442 omnibus
1564 1392 1829 1444 invitetur?
1895 1395 2054 1440 MEL:

294 1464 427 1528 Ignis
443 1459 715 1511 ssiffocatur
734 1459 891 1508 nimia
905 1459 1163 1521 lignorum
1186 1457 1451 1519 congeric3
1489 1458 1537 1506 <Sc
1560 1457 1682 1519 quid
1700 1453 1755 1506 ni
1777 1456 1915 1506 calor
1931 1470 2063 1518 quo-

295 1541 397 1590 quc
418 1527 639 1578 nativus,
669 1523 915 1572 alimento
944 1522 1107 1569 nimio
1134 1519 1405 1568 obruatur?
1439 1517 1558 1567 hinc
1585 1519 1726 1568 tarda
1749 1521 2055 1573 concoctio,

293 1589 463 1638 tardus
487 1602 663 1653 vapor,
679 1588 765 1650 qui
786 1585 1026 1635 somnum
1052 1584 1300 1633 conciliat.
1371 1582 1627 1632 Cibotum
1647 1584 1856 1632 varietas
1874 1580 2061 1635 stoma-

295 1652 454 1701 chum
471 1654 523 1702 in
545 1649 721 1700 officio
746 1665 856 1699 non
878 1661 984 1697 tam
1003 1649 1156 1704 juvat,
1171 1646 1327 1710 quam
1345 1648 1525 1695 variat:
1563 1644 1680 1694 hinc
1701 1645 1942 1695 eructatio
1963 1646 2059 1696 fre-

295 1731 482 1779 quens,
502 1730 612 1779 quae
638 1712 945 1778 corpus—huc
965 1711 1082 1760 illuc
1120 1710 1302 1763 versat,
1333 1712 1382 1760 &
1405 1723 1645 1775 vapores,
1664 1724 1729 1759 ne
1754 1708 1942 1763 sursum
1965 1709 2061 1761 sese

296 1780 506 1832 tollant,
533 1777 561 1827 a
578 1779 658 1828 via
682 1776 868 1825 directa
887 1787 1095 1828 avocat,
1120 1772 1429 1839 dissipzitque.
2039 1784 2042 1787 ·

426 1842 626 1894 LEUC:
694 1841 819 1892 Utut
843 1855 950 1888 non
974 1840 1208 1888 nimium,
1239 1838 1459 1885 multum
1480 1848 1670 1891 tamen,
1691 1832 1803 1886 imo
1826 1836 1935 1901 plus
1957 1836 2059 1895 aliis

296 1906 657 1956 melancholici
677 1902 983 1953 comedunt:
999 1917 1087 1951 cur
1105 1899 1433 1950 nihilominus
1449 1898 1614 1948 minus
1634 1901 1735 1957 aliis
1759 1898 2056 1951 dormiunt?

297 1983 478 2020 contra
495 1968 773 2033 AEthiopes,
788 1981 919 2029 quos
943 1963 1503 2015 inclementius·allatrat
1526 1964 1717 2027 Syrius,
1747 1963 2004 2019 indolem,
2031 1963 2061 2015 ὲ

295 2033 388 2084 suo
407 2035 624 2087 climate,
641 2048 737 2097 prae
759 2031 859 2089 aliis
878 2030 1016 2079 nach·
1030 2028 1139 2078 sunt
1165 2027 1433 2077 torridam:
1472 2040 1559 2075 cur
1575 2025 1905 2076 nihilominus
1926 2027 2060 2076 som-

298 2098 541 2146 nolentos
564 2095 673 2163 plus
699 2094 799 2153 alijs
825 2094 985 2144 vides,
1008 2089 1253 2158 praecipue
1276 2092 1401 2140 dum
1431 2092 1526 2139 urit
1550 2087 1683 2138 aestas
1710 2090 1949 2139 calidior?
1985 2105 2060 2139 re-

299 2160 480 2211 fellunt
500 2157 605 2216 ista,
628 2175 737 2223 quae
762 2158 824 2206 cle
846 2158 1032 2206 somno
1053 2153 1346 2209 stabiliebas,
1361 2154 1613 2218 principia.
1681 2155 1837 2201 MEL:
1905 2155 2060 2207 Mini-

239 2256 251 2268 ·
299 2221 387 2275 me
406 2226 661 2290 gentium:
697 2237 817 2270 nam
843 2220 1023 2285 quibus
1045 2217 1441 2269 melancholicus
1462 2215 1683 2265 abundat
1701 2215 1910 2273 humor,
1930 2230 2059 2266 tem-

302 2301 602 2354 peramento
639 2298 848 2337 utuntur
879 2284 1012 2334 sicco
1037 2318 1050 2339 ,
1077 2283 1157 2333 sed
1185 2286 1235 2333 ὅ(
1268 2280 1411 2330 simul
1441 2279 1744 2345 perfrigido:
1778 2284 2059 2346 appetitum

304 2353 439 2401 acuit
457 2350 668 2403 ficcitas3
705 2349 787 2398 sed
808 2351 857 2399 ὃς
877 2348 1030 2413 frigus
1054 2361 1156 2397 atra
1186 2346 1292 2395 bilis
1321 2344 1550 2393 intendit.
1652 2344 1793 2408 Qid
1820 2343 1942 2409 ergo
1966 2346 2060 2393 mi-

301 2431 445 2469 rum,
470 2413 614 2477 quod
640 2414 885 2463 alimento
915 2426 1025 2461 non
1057 2410 1395 2477 perfruantur,
1417 2404 1665 2471 quodque
1700 2408 1840 2456 calor
1874 2409 2054 2457 ventri-

302 2479 403 2529 culi
420 2478 896 2538 modicus,coquere
919 2475 1083 2525 somni
1106 2473 1334 2524 nutritios
1353 2487 1564 2535 vapores
1581 2472 1827 2534 nequeat?
1861 2469 2073 2524 AEthio-¹

300 2557 388 2607 pes
401 2574 416 2600 ,
434 2540 769 2611 Aphrodisaeo
780 2540 809 2600 J
814 2539 1255 2597 udicenorrentut
1275 2535 1444 2591 calore
1465 2546 1699 2594 externo,
1715 2537 1796 2608 vix
1816 2531 2054 2585 calefiunt

1750 2610 1978 2653 mtetno:
