2132 2916
337 80 436 137 '¹144
947 66 1129 135 Virgula
1146 70 1362 135 Morphez'.

277 176 458 242 proin,
484 183 579 238 pro
603 167 686 220 sua
716 166 891 219 indole
921 166 1115 234 inepta,
1137 168 1346 234 specics,
1371 167 1511 218 velut
1535 165 1809 232 pendentes
1838 169 1891 219 in
1921 169 2035 221 ae're

280 238 468 290 nubes,
495 250 630 284 nunc
653 236 706 283 in
742 233 872 282 hanc
888 266 902 288 ,
922 247 1058 281 nunc
1085 235 1136 281 in
1167 232 1304 281 illam
1330 245 1492 281 mutat
1520 234 1732 297 figuram
1749 265 1762 287 ,
1784 248 1844 281 ex
1863 233 2035 290 iisdem

281 296 418 351 varie
440 299 758 351 combinatis,
774 311 911 345 nunc
931 296 1055 350 hate,
1070 311 1203 344 nunc
1223 296 1304 342 illa
1327 295 1550 344 formare
1573 296 1696 344 solet
1718 295 1879 350 Idola,
1892 310 1947 344 ut
1966 296 2035 344 nil

281 376 390 412 tam
418 358 777 426 praeposterum
796 393 809 414 ,
836 359 906 407 nil
937 371 1043 407 tam
1079 355 1424 407 monstrosum
1450 360 1658 423 cogitari
1687 371 1863 420 queat,
1894 358 2036 420 quod

284 423 370 475 sua
388 423 601 489 Virgula
627 438 795 472 creare
826 434 1045 484 nequeat
1073 422 1377 484 Morpheus,
1403 421 1486 469 ets1
1518 424 1757 484 imagines
1799 422 1946 470 nullae
1974 421 2038 469 dc

283 505 434 539 novo
457 487 669 536 sensibus
682 486 882 534 internis
898 483 1154 532 accedant.
1223 485 1293 532 Ex
1311 482 1384 532 his
1413 485 1512 540 jam
1534 480 1677 532 facile
1707 485 1863 546 liquet
1901 482 2040 537 imo,

285 568 376 601 cur
396 552 501 600 haec
520 550 619 615 ipsa
640 565 749 598 non
770 546 997 596 accidant
1014 547 1358 611 vigilantibus?
1394 544 1560 595 anima
1581 549 1734 601 enim,
1756 547 1817 596 ad
1839 548 2041 596 clavum

286 616 515 667 sedente,
539 611 684 662 ceffat
705 609 965 663 confusio,
989 625 1201 675 vapores
1228 610 1412 658 turbidi
1446 626 1554 666 non
1583 610 1884 658 obnubilant
1912 624 2042 658 cere—

284 680 436 729 brum
450 711 462 732 ,
488 691 582 725 nec
603 677 788 739 spiri->tus
802 710 815 726 ‚
836 669 961 737 vaga
986 671 1198 727 licentia,
1218 674 1588 722 tumultuantur
1602 706 1615 727 ,
1636 669 1916 737 speciesque
1936 688 2042 738 per-

285 742 505 792 turbant.
573 741 758 801 Liquet
799 734 901 786 ade>
917 769 930 791 ,
951 752 1041 785 cur
1062 736 1147 785 sub
1171 752 1407 785 auroram
1433 738 1660 790 clariora,
1683 735 1951 799 minusque
1969 736 2042 784 di-

287 803 445 855 storta
472 802 565 852 lint
582 801 802 851 somnia?
845 801 963 862 quia
990 814 1174 864 nempe
1201 815 1454 864 vaporum
1484 801 1658 863 copia,
1679 798 1845 847 somni
1866 800 2039 851 decur-

288 869 345 918 su
365 868 465 925 jam
489 865 762 918 diminuta,
782 863 983 927 ipsaque
1006 862 1262 926 spirituum
1286 864 1489 926 agitatio
1513 862 1613 918 jam
1632 861 1759 910 fasta
1779 860 2042 915 remissior,

291 947 403 981 non
424 932 491 979 ita
504 928 730 978 sensuum
750 929 1069 975 internorum
1090 926 1373 974 funCtiones
1396 925 1667 989 perturbat,
1713 926 1898 986 Liquet
1921 922 2041 982 3tio‚

291 1010 384 1046 cur
402 996 607 1042 ineunte
629 993 840 1044 somno,
861 988 1124 1055 praesertim
1153 987 1185 1037 si
1218 988 1246 1037 a
1273 989 1440 1038 menia
1475 984 1640 1037 statim
1669 987 1732 1036 ad
1759 988 2044 1043 culcitram,

293 1074 406 1108 non
434 1053 571 1105 illico
599 1066 865 1119 appareant
890 1052 1112 1101 somnia?
1148 1053 1264 1114 quia
1281 1067 1492 1115 vapores
1520 1049 1868 1100 vehementius
1896 1052 2046 1114 agita-

292 1125 357 1175 ti,
377 1119 442 1169 fic
463 1117 788 1167 confundunt
804 1118 1045 1179 imagines
1059 1147 1072 1169 ,
1100 1127 1155 1164 ut
1179 1116 1332 1164 veluti
1360 1116 1413 1162 in
1433 1111 1563 1177 aqua
1584 1111 1745 1168 mota,
1771 1130 1828 1162 ac
1848 1110 2045 1165 turbida

293 1182 605 1234 evanescant.
673 1182 795 1230 Haec
815 1181 912 1244 ipsa
934 1180 1061 1238 ratio
1091 1178 1335 1231 declarat,
1356 1194 1443 1226 cur
1469 1178 1757 1225 temulentis
1783 1180 1832 1226 ὅ(
1853 1177 2049 1225 helluo-

293 1248 466 1301 nibus,
490 1245 571 1295 vel
595 1244 757 1297 nulla,
787 1243 866 1293 vel
890 1240 1097 1290 confusa
1120 1254 1387 1306 appareant
1415 1240 1638 1301 somnia?
1674 1256 1794 1288 nam
1822 1239 1944 1289 sicut
1975 1255 2048 1290 ra-

296 1311 410 1360 dios
434 1320 581 1362 rotae,
610 1302 886 1355 cita-tillim&
912 1306 1152 1369 vertigine
1173 1304 1481 1354 circumasstae
1496 1336 1510 1357 ,
1531 1319 1640 1351 non
1660 1305 1891 1368 percipiS3
1927 1302 2049 1351 ficut

295 1372 608 1424 circulorum
623 1369 897 1423 Maeandri,
918 1384 1005 1433 per
1034 1369 1197 1431 plures
1230 1368 1452 1432 lapillos,
1479 1364 1656 1430 stagno
1693 1366 1900 1423 injectos
1917 1399 1929 1420 ,
1956 1365 2050 1414 sese

298 1435 622 1488 intersecant,
655 1445 805 1496 atque
833 1430 1160 1480 confundunt
1183 1462 1195 1483 ,
1228 1432 1296 1478 ita
1322 1429 1597 1477 turbulenti
1625 1444 1835 1493 vapores
1852 1462 1864 1482 ,
1899 1440 2051 1479 motu

297 1501 390 1550 suo
413 1499 665 1564 perplexas
684 1495 901 1544 reddunt
919 1495 1174 1557 imagines,
1191 1493 1457 1540 somnianti
1478 1507 1586 1539 non
1610 1489 1752 1541 facile
1776 1492 2051 1540 discernen-

300 1563 403 1614 das,
472 1563 657 1623 Liquet
682 1560 923 1622 denique,
944 1573 1032 1605 cur
1055 1557 1205 1617 aliqui
1225 1552 1334 1603 tota
1357 1551 1459 1604 vita
1482 1570 1591 1602 non
1613 1555 1898 1603 somnient?
1934 1556 2050 1617 quia

302 1627 493 1691 spiritus
527 1624 715 1673 habent
744 1635 849 1670 tam
883 1621 1059 1684 agiles,
1082 1618 1378 1679 tantamque
1411 1617 1794 1681 exspirationum
1823 1620 1927 1668 vim
1960 1618 2052 1673 eja-

301 1688 534 1738 culantur
556 1689 607 1734 in
636 1685 924 1737 cerebrum,
955 1696 1010 1732 ut
1038 1680 1357 1731 ostendendis
1383 1696 1471 1745 per
1499 1683 1722 1744 quietem
1751 1681 2051 1744 imaginibus

301 1753 482 1802 locum
506 1745 718 1800 minime
738 1747 1037 1797 concedant.

432 1813 632 1864 LEUC:
709 1811 841 1860 Mihi
871 1807 1005 1858 certe
1036 1811 1136 1866 jam
1172 1824 1281 1857 non
1310 1808 1554 1861 occurrit,
1587 1806 1728 1871 quod
1755 1807 1819 1856 de
1850 1807 2054 1864 somniis

305 1876 526 1929 curiosus
546 1875 798 1938 indagem.
867 1870 1074 1921 Hastam
1102 1871 1370 1936 suspendo,
1401 1871 1434 1919 si
1457 1871 1577 1933 quid
1602 1884 1832 1920 occurrat
1862 1872 1976 1925 tibi,
2002 1875 2055 1924 ὃς

304 1942 582 2008 Sphingem
601 1953 691 2002 age
712 1936 1050 2000 &Oedipum.
1117 1938 1273 1983 MEL:
1343 1936 1578 1984 Occurrit
1599 1937 1810 1997 :enigma
1828 1937 2054 1989 unicum,

308 2004 455 2069 quod
480 2001 708 2051 discursui
729 1997 906 2050 nostro
928 2002 1162 2064 imponet
1183 1999 1459 2063 epilogum.
1528 1999 1691 2049 Datur
1708 2001 1759 2045 in
1776 2013 1946 2046 rerum
1971 2013 2056 2047 na-

310 2081 421 2117 tura
444 2065 604 2112 malam
632 2062 868 2120 laetificans,
897 2063 1041 2112 datur
1071 2063 1223 2110 bonum
1254 2059 1527 2113 contristans.-
1580 2060 1701 2122 quid
1728 2061 1888 2109 illud?
1923 2060 2055 2114 som-

311 2133 456 2180 nium
485 2128 642 2181 dices,
666 2129 719 2179 &
743 2124 954 2188 meritog
991 2141 1111 2175 nam
1138 2125 1404 2175 somniavit
1421 2124 1707 2187 Principum
1735 2139 1844 2172 non
1867 2139 2054 2179 neme,

311 2195 506 2257 sceptro
528 2190 573 2239 se
594 2189 858 2254 spoliatum
872 2222 885 2242 ,
912 2191 962 2242 ,ὃς
981 2186 1198 2254 purpura
1212 2221 1225 2241 ,
1244 2203 1353 2236 non
1375 2187 1475 2244 jam
1494 2186 1640 2236 Craesi
1664 2188 1865 2252 palatia,
1888 2187 1970 2236 scd
1991 2189 2057 2239 Iri

314 2254 561 2366 mappalia
581 2252 676 2301 sese
696 2252 943 2301 incolere:
982 2253 1255 2316 evigilavit,
1276 2253 1326 2300 ὅ(
1348 2248 1446 2299 una
1474 2265 1594 2299 cum
1624 2250 1826 2299 somnio
1857 2251 2055 2300 fallaces

316 2333 408 2367 um
445 2332 521 2364 ras
545 2317 681 2367 laetus
707 2313 937 2370 discuffit:
975 2318 1060 2364 en!
1097 2316 1254 2365 malum
1274 2312 1499 2370 laetificans.
1601 2315 1708 2363 Fuit
1728 2316 1777 2364 ὅ(
1801 2313 1949 2368 aliu5,
1975 2329 2057 2363 ca-

317 2379 528 2431 thedrali
547 2377 748 2432 honore
777 2377 1095 2442 conspicuus,
1114 2375 1366 2440 quntum
1385 2377 1593 2439 gemino
1611 2378 1662 2424 in
1685 2377 1807 2425 loco
1824 2409 1837 2430 ‚
1862 2375 2058 2442 Episco-

357 2458 414 2491 os
443 2442 544 2491 vita
571 2439 716 2489 simul
737 2443 789 2491 &
818 2441 1028 2510 dignitas
1066 2437 1363 2493 deseruisset,
1394 2441 1649 2502 utriusque
1675 2439 1957 2489 honoribus
1986 2441 2060 2487 in·

335 2507 458 2563 iians
475 2536 488 2562 ,
515 2502 672 2558 noctu
696 2518 782 2570 per
803 2506 1086 2561 somnium,
1112 2503 1240 2563 duos
1260 2501 1347 2578 sibi
1368 2501 1573 2556 baculos
1598 2500 1769 2557 offerri
1789 2502 2057 2576 conspexit,
2118 2509 2123 2513 ·

1836 2578 1995 2627 usque
