2177 2905
543 91 946 154 Technophylacium
976 90 1219 153 Phyficum.·
1318 58 1334 62 —
1627 102 1687 138 22
1696 97 1722 149 ς-
1783 82 1785 86 ’

47 201 100 239 ra
137 188 297 239 hanos
311 220 325 243 ‚
361 201 506 253 cepas
532 220 546 242 ‚
593 189 644 238 ὃ(
669 185 780 235 allia
811 217 826 240 ‚
874 186 1054 249 quibus
1095 182 1330 236 Artifices
1368 180 1693 238 vescebantur
1736 185 1796 235 in.

44 267 102 303 ex
145 252 338 302 ruenda
371 251 465 301 hac
497 251 638 300 mole
657 283 670 305 ‚
703 249 842 298 mille
872 251 1013 315 supra
1036 248 1325 311 octingenta
1353 250 1458 298 auri
1484 249 1668 296 talenta
1688 246 1791 306 jam

41 315 239 364 fuissent
259 314 640 379 consumpta‚ad
662 329 741 362 eas
758 315 929 362 incitas
942 315 1139 378 Regem
1160 311 1335 361 sensim
1357 309 1594 376 redegere
1613 308 1791 359 imensi

41 378 265 444 sumptus
281 391 373 435 ‚.ut
395 374 692 443 prostituere
719 377 917 430 Filiam,
947 391 1104 440 quam
1123 373 1533 424 formofiffimam
1556 373 1791 427 habebat,

39 458 133 508 pro
159 441 516 506 conquirendis
536 444 707 490 aerario
726 452 936 505 paterno
974 438 1212 497 subssdijs,
1246 439 1463 501 denique
1485 437 1541 490 sit
1558 436 1791 485 coaetus:
1891 477 1900 488 ,
1936 476 1947 488 .

42 502 176 556 adeo
197 505 322 555 dum
345 504 537 554 famam
556 506 777 553 nominis
799 503 1264 568 superbiquaerunt,
1287 501 1562 565 quaerendo
1583 514 1673 565 per
1699 498 1796 547 sce·
1824 477 2011 532 lem‘*

40 569 140 617 lera
152 567 401 632 plerumq3
423 568 655 632 perdunt.
675 567 774 617 Sed
787 566 1042 618 Miraculis
1053 566 1204 627 Orbis
1218 565 1568 615 annumeravit
1589 576 1800 626 quoque
1826 544 1923 590 Her
1926 542 2040 589 0‘10‘·

43 631 330 693 Antiquitas
360 632 669 697 Babylonios
699 647 901 686 murm,
922 632 1283 694 quinquaginta
1305 630 1457 683 latos,
1477 627 1702 677 ducentis
1717 640 1800 675 ve-

44 693 107 745 ro
122 695 297 745 cubitis
317 695 468 744 altos:
485 694 825 749 Semiramidis
844 695 1041 747 hortos,
1054 697 1104 742 in
1126 696 1239 742 ae‘re
1257 691 1486 758 penfiles:
1523 691 1729 741 Turrim
1749 689 1803 738 il-

45 758 146 806 lam
171 761 222 807 in
235 758 400 808 Pharo
421 759 693 811 lucentem,
711 756 1010 823 octingentis
1035 759 1141 806 auri
1161 757 1431 810 talentis,in
1452 754 1800 818 navigantium

49 820 274 870 solamen
301 822 517 870 erectam
538 820 566 869 a
585 821 886 876 Ptolemaeo,
902 819 1112 871 Artifice
1131 816 1368 868 Sostrata.
1438 819 1505 869 Ut
1526 833 1635 873 non
1655 831 1800 866 com·
1978 870 1980 872 ,

46 899 338 934 memorem
362 883 698 949 Labyrinthos
716 884 975 933 Cretenses
988 882 1226 932 Authore
1240 882 1481 933 Daeda103
1515 881 1585 928 hic
1607 879 1728 927 labor
1748 879 1801 926 il·
1833 910 1890 960 V.

47 948 87 994 le
107 949 251 994 domas
265 983 277 998 ,
302 951 358 996 &⁹
376 947 689 994 inextricabilis
708 955 829 994 erro'r
854 966 866 992 τ
902 963 1011 996 non
1031 945 1231 996 Thebas
1251 946 1518 1010 AEgyptias,
1532 943 1595 993 de
1617 942 1797 1006 quibus
1873 924 1957 971 ΗΞ·

50 1012 320 1075 Satyricus:
353 1013 460 1057 Ecce
475 1014 494 1055 Ι
523 1011 654 1057 Vetus
668 1009 818 1057 Thebae
829 1024 994 1057 centnm
1009 1011 1129 1069 jacet
1144 1008 1298 1056 obruta
1315 1011 1483 1069 portis:
1551 1022 1661 1058 non
1670 1006 1802 1057 Am-
1831 976 1951 1088 {5²⁸
1972 1036 1983 1049 ο

45 1073 326 1139 phitheatra
352 1073 662 1126 Domitiani,
685 1073 745 1121 de
766 1073 947 1135 quibus
969 1075 1122 1123 Vates
1143 1074 1410 1122 Romanus
1426 1087 1449 1120 :-
1893 1048 1998 1087 “m‘'

333 1138 477 1184 Omnis
497 1136 666 1191 Caefizreo
689 1138 810 1182 cedat
833 1135 954 1182 labor
971 1137 1322 1196 Amphitheatro,

463 1202 606 1247 Unum
622 1211 702 1261 pro
725 1198 882 1246 tundis
905 1202 1038 1246 Fczma
1061 1200 1262 1263 loquatur
1280 1210 1396 1259 opus.

54 1265 122 1317 Ut
143 1264 264 1314 nihil
291 1263 455 1313 dicam
480 1262 542 1311 de
562 1279 707 1313 aurea
721 1265 943 1313 Neronis
953 1265 1128 1327 Regia,
1150 1278 1260 1325 quae
1281 1258 1429 1312 instar
1439 1259 1805 1316 Theatri,nunc

51 1327 365 1378 monstrabat
388 1323 554 1391 stagna
572 1341 691 1376 cum
717 1326 951 1391 piscibus,
971 1342 1107 1375 nunc
1135 1325 1288 1390 sylvas
1316 1341 1433 1375 cum
1459 1325 1605 1375 omni
1623 1339 1808 1389 genere

53 1392 295 1443 ferarum:
332 1390 398 1439 ibi
428 1390 692 1439 exhibebat
720 1389 936 1439 sidereos
968 1389 1175 1444 traetus,
1196 1388 1260 1438 fic
1292 1405 1452 1438 manu
1478 1386 1688 1437 Artifice
1711 1387 1806 1436 ela-

54 1456 288 1509 boratos,
311 1466 364 1503 ut
384 1454 497 1503 illos
530 1466 772 1517 argenteae
797 1453 1028 1502 volucres
1059 1465 1397 1518 permearent:
1436 1449 1519 1501 hic
1547 1452 1600 1498 in
1620 1450 1807 1507 solariis

53 1520 318 1579 Sphengitem
338 1516 555 1581 lapidem
580 1513 887 1570 ostentabat,
922 1531 1028 1579 quo
1049 1516 1201 1564 veluti
1219 1516 1440 1564 radiante
1458 1513 1685 1568 Phoebo,
1701 1528 1808 1562 nox

54 1584 107 1629 in
126 1581 327 1629 exilium
349 1580 481 1643 pulsa
495 1612 507 1633 ‚
529 1579 663 1627 diem
687 1580 833 1627 Aulae
858 1591 1157 1643 perpetuum
1187 1578 1515 1640 relinquebat.
1592 1577 1661 1628 Ut
1683 1576 1808 1627 nihil

57 1641 239 1708 quuar
263 1643 326 1692 de
346 1644 605 1707 Solymaeis
631 1642 842 1707 palatij33
866 1641 928 1690 de
951 1643 1080 1690 Solis
1101 1643 1259 1704 Regia
1274 1674 1286 1695 ‚
1309 1656 1420 1703 quae

795 1703 1052 1751 Sublimibus
1073 1705 1165 1752 alta
1184 1705 1407 1756 Columnis,

315 1771 320 1779 '
340 1771 465 1818 Clara
481 1771 664 1816 micante
682 1786 786 1816 auro
799 1803 813 1820 ,
829 1765 1110 1831 flammdsque
1121 1770 1331 1814 imitante
1352 1773 1545 1830 pyropo:
1848 1753 1977 1800 Ovid-

319 1883 322 1886 ,
344 1834 466 1892 Cujus
486 1831 590 1878 ebur
608 1834 747 1878 nitida
804 1867 815 1882 ,
831 1830 1006 1890 fastigia
1015 1833 1181 1888 summa
1204 1829 1402 1889 tegebat.-
1845 1818 2036 1864 Metam.

335 1897 535 1953 ,Argenti
553 1893 710 1952 bifores
728 1893 954 1951 radjabant
981 1895 1140 1944 lumine
1161 1894 1299 1938 valvae
1313 1913 1333 1938 ;-
1847 1879 1879 1926 l·
1897 1893 1942 1929 2.

339 1959 582 2003 Materiam
591 1954 833 2016 fiaperabat·
848 1967 972 2016 opus:
1008 1971 1107 2001 nam
1130 1953 1355 2003 Mulciber
1379 1957 1465 2003 illic

109 2002 211 2090 δ
332 2023 524 2084 AEquora
544 2020 728 2074 mulctrat,
754 2021 910 2066 mediat
928 2020 1137 2078 cirzgezssxia
1155 2030 1308 2069 terras,

350 2081 664 2146 Terrarumque
678 2081 856 2134 Orbem,
884 2080 1130 2144 Coelquuc’,
1155 2083 1264 2144 quod
1285 2078 1440 2130 iffiinet
1462 2083 1581 2132 Orbi.

192 2149 390 2200 LEUC:
457 2145 785 2210 Magnificam
812 2141 1030 2256 ostengis
1060 2145 1244 2194 Artem
1267 2146 1318 2194 in
1345 2147 1576 2211 Magni83
1623 2147 1728 2198 fors
1749 2160 1822 2199 ta·

65 2228 185 2264 men
213 2211 281 2261 est
301 2211 465 2260 adhuc
484 2210 645 2268 major
667 2211 717 2258 in
742 2212 923 2273 parvis:
998 2224 1081 2256 am
1102 2208 1136 2257 si
1156 2223 1213 2256 ea
1237 2205 1306 2256 est
1323 2210 1462 2260 Artis
1481 2211 1693 2265 indoles,
1709 2227 1819 2275 quae

65 2278 288 2329 Naturae,
303 2275 478 2331 majori
497 2273 664 2336 gloriae
690 2272 826 2321 ducit
847 2284 1052 2334 utraque
1069 2304 1081 2325 ‚
1101 2271 1135 2320 fi
1167 2271 1229 2320 ad
1259 2272 1556 2325 Conditoris
1591 2273 1819 2339 vestigia,

66 2343 111 2386 in
129 2342 318 2386 minimis
340 2340 528 2384 maxima
541 2335 634 2384 effe
653 2347 818 2399 queat.
835 2336 1083 2399 Equidem
1114 2350 1196 2383 me
1216 2335 1358 2397 quod
1371 2340 1545 2387 attinet
1559 2371 1572 2393 ,
1596 2351 1822 2388 nontam

0 2446 7 2450 .
69 2404 229 2452 miror
253 2399 492 2451 Coloffos
514 2399 751 2449 Rhodios
769 2397 1076 2461 ‚quamnuci
1097 2399 1336 2448 inclusam
1348 2402 1565 2450 Homeri
1586 2401 1821 2451 iliadem:

71 2481 182 2516 non
206 2477 309 2513 tam
333 2464 531 2513 eductas
553 2465 603 2512 in
617 2463 827 2513 Coelum
845 2461 1153 2526 Pyramides,
1177 2460 1332 2525 quam
1349 2465 1679 2529 Myrmecidis
1704 2463 1825 2512 cum

80 2528 401 2595 quadrigam,
424 2539 535 2579 tum
557 2526 942 2640 navennillan}3
945 2528 1109 2589 equis,
1133 2524 1264 2578 hanc
1292 2532 1441 2582 remis
1458 2562 1472 2587 ‚
1501 2524 1726 2640 veliscRie
1756 2530 1830 2577 in·

963 2603 996 2654 g
1684 2605 1764 2642 ru—
