2182 2916
391 89 458 139 7²»
981 66 1158 136 Coloffus
1191 68 1415 135 Mysticus.

329 191 385 226 re
403 169 734 224 consueverat
754 202 768 226 ,
803 166 1108 220 muliebrem
1137 167 1301 220 raserit
1319 165 1558 235 capillum
1580 200 1594 223 ‚
1630 165 1842 219 afferens
1871 183 1983 220 non
2004 171 2106 222 fine

329 237 488 288 affuso
508 237 708 285 lixivio:
731 235 812 283 Odi
829 235 1033 295 inpaeris
1048 235 1226 295 puellas.
1296 232 1419 283 Haec
1440 232 1509 281 issi
1533 246 1627 298 pro
1639 233 1816 284 Gentis
1834 248 1999 284 more.
2045 236 2105 286 Id

328 313 528 352 certum
550 332 565 355 ‚
605 298 872 349 Caesariem
900 299 953 346 in
981 296 1180 361 lignum
1216 295 1451 346 humanae
1490 295 1703 352 indolis,
1739 294 1957 361 vitaecjue
1991 314 2106 348 mo-

333 364 449 416 rum
490 377 553 412 ue
578 378 692 414 non
720 359 837 412 raro
862 359 1179 427 affurnptam.
1261 358 1469 409 Intonsa
1497 359 1828 411 denotaverat
1857 359 2108 413 Philistaeis

333 431 455 479 Sam
476 442 628 480 one35
657 427 877 479 Numini
896 425 1126 475 Sacratos
1140 422 1348 482 Judae153
1385 422 1621 489 AEgyptijs
1646 424 1839 474 attonsa
1857 424 2109 476 indicave-

335 504 410 541 rat
429 491 666 556 Augures
695 493 746 541 ὅς
769 488 1093 539 Sacerdotes;
1123 488 1373 537 Romanis
1403 487 1541 536 bello
1565 488 1817 543 deviCtos‚
1846 484 2110 552 mortique

335 555 676 613 adjudicato&
712 553 866 619 sparsa
882 551 1159 617 signaverat
1172 550 1412 614 Antiquis
1430 550 1904 616 luCtutmconspersa
1922 554 2106 604 cinere,

339 620 716 685 poenitentiam.
785 613 903 666 imo
929 618 980 665 δε
1000 614 1226 680 Populos
1246 613 1532 664 hodiedum
1551 611 1804 680 distinguit
1822 629 2001 666 coma:
2038 616 2109 667 Si-

335 699 411 731 nae
425 717 438 738 ,
457 681 532 732 uti
551 685 602 732 ὃς
629 680 851 731 Thraces
866 713 880 734 ,
902 679 1172 728 attondent
1195 690 1369 742 caput,
1399 677 1479 727 sed
1511 677 1585 728 his
1599 711 1613 734 ‚
1636 694 1694 729 ex
1712 691 1850 744 parte
1880 679 2107 734 dextera,

336 749 554 796 intortus
571 741 600 796 ὲ
619 744 835 794 crinibus
856 742 1023 793 nodus
1043 742 1318 808 dependet:
1346 741 1434 790 illis
1458 756 1515 791 ex
1538 744 1754 808 occipite
1774 741 1948 793 defluit
1967 744 2110 792 crini-

90 802 272 876 Eut-²⁰⁷²
338 822 452 860 tum
475 809 652 879 syrma.
738 809 901 858 Macae
924 805 989 856 fic
1015 806 1198 856 radunt
1220 806 1390 870 capitis
1418 806 1685 859 verticem,
1707 818 1762 855 ut
1796 818 1994 858 tamen,
2021 821 2109 856 co-

85 862 309 923 wtaThes·
338 876 433 925 mis
465 876 517 921 in
543 873 727 921 orbem
759 869 1118 923 crescentibus,
1147 869 1192 917 se
1221 880 1492 918 coronent.
1592 869 1852 918 Euboicos
1882 884 2108 919 cerneres

87 1066 240 1119 Strabo

339 938 578 1003 capillitio
617 935 728 985 fuso
761 950 849 1000 per
879 946 1105 999 tergora:
1144 932 1373 982 Abantes
1405 933 1612 997 occiput
1649 934 1883 987 crinitos,
1914 945 2110 997 partem

339 1003 647 1054 anteriorem
667 999 892 1049 attonsos
914 1032 927 1053 ,
957 1013 1020 1046 ne
1050 997 1111 1046 ab
1139 992 1364 1045 hostibus
1395 995 1637 1061 prehendi
1672 1009 1859 1060 queant
1886 1010 2110 1061 pugnan-

339 1076 439 1115 tes:
492 1062 673 1114 contra
695 1062 886 1112 Anases
916 1062 1136 1113 videres,
1162 1058 1410 1125 promiffis
1445 1058 1473 1108 a
1501 1060 1673 1108 fronte
1708 1059 1952 1114 crinibus,
1976 1060 2111 1108 occi-

339 1141 431 1194 put
449 1126 575 1178 vero
590 1162 602 1182 ‚
630 1126 925 1177 Occafionis
949 1125 1013 1178 ad
1037 1121 1185 1172 instar
1206 1124 1404 1177 calvos,
1425 1138 1488 1170 ne
1511 1122 1538 1172 a
1562 1123 1835 1173 vistoribus
1854 1124 2012 1172 teneri
2030 1138 2113 1173 va-

339 1197 475 1243 leant
497 1192 760 1256 fugientes,
862 1188 991 1238 Illud
1017 1187 1234 1249 denique
1263 1186 1552 1237 fatendum,
1588 1187 1827 1251 capillum
1859 1201 1968 1234 non
1998 1201 2112 1234 mo-

341 1258 516 1306 dicum
536 1253 629 1304 effe
651 1254 874 1303 hominis
894 1263 1275 1301 ornamentum.
1309 1251 1507 1314 Popeae‚
1533 1251 1758 1300 Neronis
1780 1250 2111 1313 conjugi,tan-

344 1334 394 1370 ta
415 1318 554 1369 fuiffe
581 1319 760 1383 legitur
788 1318 1003 1365 crinium
1035 1310 1289 1367 venustas,
1321 1325 1375 1361 ut
1407 1312 1633 1376 singulis,
1664 1313 1859 1378 speciali
1887 1312 2078 1378 plectro
2096 1344 2110 1366 ‚

344 1382 707 1449 applauderent
730 1382 926 1431 Poetae:
964 1379 998 1428 s1
1022 1380 1107 1440 qui
1138 1373 1272 1427 forte
1301 1376 1591 1424 deciderent
1611 1410 1624 1430 ‚
1653 1375 1913 1441 puriffimo
1938 1375 2112 1425 inclusi

346 1463 499 1502 auro,
519 1445 811 1495 dicabantur
828 1444 1046 1503 Junoni:
1093 1444 1143 1492 ἃ
1168 1442 1284 1504 quia
1304 1440 1511 1488 aemulus
1535 1438 1741 1489 Phoebo
1764 1440 1939 1495 color,
1962 1438 2025 1487 fic
2039 1438 2112 1488 fa-

347 1511 622 1561 scinaverat
645 1509 851 1561 oculos,
871 1519 980 1554 tota
999 1508 1173 1555 Roma
1189 1538 1201 1559 ‚
1226 1506 1278 1552 in
1303 1519 1465 1551 comae
1490 1517 1646 1551 aureae
1675 1506 1911 1567 gratiam,
1939 1499 2113 1553 vestita

352 1574 490 1624 flavis
516 1571 720 1622 incess'it.
789 1574 851 1620 Et
872 1572 994 1619 illud
1011 1581 1215 1621 notum,
1235 1564 1378 1629 quod
1391 1600 1404 1621 ,
1423 1567 1542 1615 cnm
1555 1580 1768 1624 gravaret
1786 1566 2114 1616 Absolonem

352 1637 598 1690 Caesaries,
612 1636 829 1685 detonsae
856 1647 987 1698 quot
1005 1634 1143 1682 annis
1158 1632 1391 1693 reliquiae,
1409 1629 1632 1678 ducentis
1654 1628 1777 1678 siclis
1801 1625 2001 1693 publice
2020 1645 2113 1679 νεε-

351 1703 542 1751 nirent:
579 1702 631 1748 in
655 1714 812 1762 quam
837 1712 1045 1747 auream
1082 1695 1413 1762 appendicem
1435 1726 1446 1748 ‚
1476 1709 1650 1742 aureus
1680 1695 1917 1757 interpres
1940 1693 2114 1745 Petrus

353 1764 728 1829 Chrysologus:
764 1766 808 1809 in
825 1761 948 1822 impij
969 1762 1108 1821 capite
1132 1776 1212 1806 non
1232 1759 1421 1821 aliquam
1438 1759 1678 1808 virtutum,
1695 1757 1768 1814 sed
1787 1756 1957 1802 tantam
1976 1758 2112 1803 vitio-

354 1844 450 1875 rum
462 1828 674 1885 sarcinam
694 1829 915 1888 Scripmra
944 1825 1153 1884 defignat:
1187 1820 1453 1884 ponderabat
1466 1853 1479 1874 ‚
1500 1823 1654 1884 inquit,
1675 1822 1842 1881 capillos
1864 1821 2015 1881 capitis
2025 1819 2108 1879 fici.

357 1894 416 1943 In
437 1906 546 1955 quae
569 1891 724 1943 verba
742 1906 854 1941 non
873 1904 1032 1939 nemo
1056 1888 1187 1937 hanc
1209 1883 1525 1952 paraphrasin
1546 1885 1790 1935 Atticam.

1061 2013 1225 2075 Infelix
1239 2015 1426 2075 pondus,

884 2080 1006 2140 &aas
1034 2080 1202 2140 ipsemet
1227 2077 1394 2137 faffam
1410 2077 1596 2138 pondus,

979 2147 1101 2190 Dum
1127 2144 1355 2203 ponderati
1377 2143 1511 2187 crines

962 2205 1262 2254 Pondera'rant
1286 2205 1539 2266 pendentem

1131 2272 1202 2317 Ex
1235 2267 1403 2316 arbore.

1073 2332 1238 2392 Infelix
1265 2333 1416 2377 coma!

950 2398 1022 2446 Ex
1053 2412 1136 2461 qua
1164 2402 1410 2442 Parcae'non
1424 2391 1532 2450 fila,

963 2463 1041 2507 Sed
1062 2458 1155 2519 fati
1179 2458 1334 2505 duxere
1357 2454 1536 2515 sanem:

914 2525 1041 2584 Cujus
1060 2524 1254 2586 pretium
1284 2513 1572 2580 non‘fhrvift,

1939 2584 2045 2647 N²fi
