2177 2905
753 82 897 131 Momi
924 81 1134 137 fenestret.
1667 94 1750 142 191

75 178 339 244 spongiosa
357 179 407 229 &
425 173 598 228 crass⁴a3
634 177 757 225 cutis
777 178 1016 227 contaCtu
1034 175 1202 226 mollis
1224 175 1274 226 ὃ(
1289 173 1489 241 frigida3
1509 171 1687 226 statura
1710 175 1817 226 bre-

76 245 216 297 vior,
235 256 356 292 nani
377 239 633 305 pinguedo
659 255 769 288 non
787 241 873 289 nifi
892 241 1027 289 solos
1050 241 1251 288 dilatare
1271 239 1395 288 solet
1417 240 1701 293 abdominis
1723 250 1818 287 ter-

74 307 270 354 minos:
314 305 502 356 verbo,
534 305 709 352 omnia
741 317 890 352 motu.
921 304 1067 352 tardo
1100 304 1281 367 frigent
1303 336 1317 356 2
1350 306 1524 352 omnia
1556 305 1810 367 languent.

70 368 136 418 Et
163 369 284 432 quid
308 383 365 416 ex
397 365 825 432 physiognomico
853 367 1051 432 tripode
1077 366 1192 415 huic
1220 367 1467 430 praesagies
1491 368 1706 431 Augur?
1747 366 1816 415 di-

72 447 154 480 ces
173 433 352 496 glirem
375 428 468 478 effe
483 462 496 484 ,
521 429 801 493 proclivem
827 430 889 478 ad
911 431 1178 483 somnum,
1206 428 1475 493 saepiusque
1496 430 1652 486 jacere
1674 432 1727 478 in
1750 430 1818 477 le-

75 495 162 543 ἂο
183 493 430 547 Crassum,
452 494 607 554 quam
633 495 681 540 in
702 492 896 542 Musaeo
919 493 1084 541 sedere
1101 493 1384 557 Sulpitium.
1465 493 1596 541 Illius
1623 494 1817 541 somnia

73 556 274 611 asseres,
297 572 406 604 non
427 555 515 604 nisi
542 554 749 617 liquidas
774 556 1237 620 Metamorphoses:
1283 571 1419 604 nunc
1448 558 1574 604 inter
1599 556 1816 614 Najades

70 620 286 674 natabit,
304 617 638 680 Belidtimque
662 619 890 682 implebit
911 619 1241 678 doliatfnunc
1258 621 1310 667 in
1340 619 1586 683 pellucida
1611 618 1816 684 lympha

70 683 118 731 se
150 680 363 747 stupebit
385 681 683 734 Narcissum,
703 696 839 729 nunc
860 697 979 729 cum
1009 683 1206 730 Oesaco
1226 695 1445 732 vertetur
1470 685 1522 730 in
1554 698 1814 746 mergum:

69 744 238 795 modo
270 748 321 794 in
352 745 558 793 lacubus
590 756 776 807 quaeret
802 760 942 792 ranas
963 746 1202 793 Latonias
1228 778 1241 799 ,
1270 747 1322 793 in
1351 743 1527 809 stagnis
1557 745 1819 810 piscabitur

71 809 315 858 Dercetes
335 811 385 858 ὅ(
407 808 620 857 Naides:
658 805 825 856 modo
855 823 975 857 cum
1006 808 1216 872 Byblide
1245 810 1298 857 in
1327 809 1556 859 fontem,
1587 809 1668 857 vel
1699 823 1821 858 cum

67 873 243 936 Egeria
270 871 315 919 se
337 871 531 920 versum
553 870 821 919 somniabit
840 872 892 918 in
910 870 1148 920 fluvium:
1184 887 1322 920 nunc
1344 887 1462 920 cum
1474 870 1639 936 Ulyss'e
1669 873 1817 935 patie-

67 947 149 983 tur
173 934 453 997 naufragia,
477 949 614 982 nunc
633 948 721 996 per
746 946 951 982 montes
977 935 1273 999 congelatos
1297 934 1562 984 lustabitur
1577 967 1589 989 ‚
1615 932 1819 982 clausas·-

71 1013 172 1060 que
198 998 396 1046 nivibus
429 1012 604 1061 rupes,
633 992 967 1059 suppostaque
986 999 1143 1046 Coelo
1162 998 1293 1053 saxa,
1322 994 1600 1061 niveosque
1629 998 1816 1063 globos

72 1077 193 1109 cum
233 1061 483 1124 Pompeio
521 1061 728 1112 volvet,
760 1071 909 1121 atque
950 1061 1196 1110 revolvet.
1297 1062 1448 1110 Dices
1496 1062 1817 1124 frequentem

66 1125 118 1172 in
147 1123 273 1172 illius
315 1138 405 1171 ore
430 1123 631 1171 salivam
669 1122 738 1170 ob
769 1122 965 1171 humidi
1002 1126 1231 1187 copiam:
1284 1141 1449 1173 raram
1473 1124 1602 1172 fitim
1641 1124 1711 1173 ob
1736 1140 1814 1173 ca-

63 1187 185 1236 loris
216 1188 468 1250 inopiam:
523 1185 786 1234 modicam
819 1185 1011 1234 famem
1042 1188 1113 1234 ob
1145 1187 1271 1236 acidi
1303 1188 1592 1236 descitum:
1637 1188 1813 1236 orexin

65 1249 239 1298 afferes
281 1264 497 1313 pronam
532 1249 594 1296 ad
626 1248 811 1296 fruitus
833 1281 849 1302 ‚
876 1251 925 1298 ὅ(
956 1248 990 1297 fi
1011 1264 1120 1311 qua:
1154 1250 1264 1298 sunt
1297 1251 1388 1299 alia
1417 1250 1604 1313 liquida
1638 1249 1811 1306 simul,

65 1310 345 1377 frigidaque
357 1313 604 1360 Pomonae
624 1323 910 1374 tragemata.
973 1313 1336 1361 Valetudinem
1354 1314 1554 1378 negabis
1574 1313 1642 1361 illi
1658 1313 1810 1363 robu-
1842 1324 1883 1371 C,
1906 1334 1985 1371 22,

66 1373 210 1429 stam,
232 1376 408 1428 sensus,
428 1370 454 1423 ὲ
471 1375 648 1423 Galeni
671 1376 874 1437 placitis,
887 1374 1018 1422 dices
1036 1376 1102 1422 illi
1125 1372 1336 1424 minime
1355 1389 1578 1440 vegetos,
1599 1376 1669 1424 ob
1689 1393 1811 1425 con-
1840 1391 1948 1435 Art,

63 1439 358 1488 coitionem
378 1436 658 1489 infirmam,
681 1434 926 1499 hujusque
963 1436 1300 1502 pedissequam
1330 1439 1602 1488 nauseantis
1626 1436 1810 1489 stoma-
1842 1450 1968 1501 Med,

67 1502 148 1551 chi
171 1503 477 1549 anorexiam.
579 1499 867 1556 Subjeetum
888 1504 1233 1564 prfflintiabis
1251 1502 1536 1567 perniciosis
1557 1503 1808 1559 catarrhis‚

60 1560 311 1627 maloque
341 1562 642 1628 hydropisis,
673 1578 780 1626 quae
804 1563 987 1628 frigido
1025 1564 1243 1614 nimium
1278 1566 1474 1623 jecore,
1497 1566 1733 1615 alimenta
1756 1569 1809 1620 in

63 1628 377 1687 flatulentam
410 1628 585 1688 coquit
607 1628 866 1691 pituitam:
901 1643 996 1675 nec
1019 1627 1046 1677 a
1066 1627 1258 1692 spasmo
1288 1630 1408 1678 velis
1436 1629 1530 1677 effe
1559 1630 1806 1685 securum,

62 1693 151 1754 qui
185 1688 443 1754 glutinosis
473 1688 773 1739 humoribus
806 1691 1011 1755 impleta
1036 1692 1160 1740 solet
1191 1688 1464 1741 distendere
1481 1725 1493 1748 ‚
1520 1695 1570 1742 ὃς
1598 1690 1808 1743 distenta

62 1753 386 1805 convellere3
416 1752 503 1801 nisi
535 1751 780 1817 spasmum
811 1767 1071 1817 praevertat
1108 1757 1365 1820 apoplexia
1388 1789 1401 1810 ,
1432 1757 1492 1804 de
1527 1771 1650 1819 qua,
1675 1755 1807 1813 iuxta

59 1815 374 1881 aphorismos
416 1817 687 1865 Galenicos
707 1849 720 1869 ‚
754 1815 941 1864 habent
966 1817 1284 1883 phlegmatici
1312 1853 1325 1874 ‚
1361 1820 1504 1881 quod
1535 1820 1621 1867 libi
1653 1822 1807 1868 maxi-

60 1878 147 1929 me
173 1879 469 1927 formident.
567 1881 773 1933 More57
797 1880 940 1941 quod
973 1883 1146 1929 attinet
1169 1914 1182 1934 ‚
1212 1879 1460 1930 testaberis
1486 1881 1577 1929 effe
1610 1879 1807 1931 testudi-

56 1959 179 1993 nem
196 1942 462 1996 tardam‚&
479 1942 763 2006 torpidam3
796 1958 914 1990 nam
934 1943 1095 1991 solent
1115 1943 1208 1991 effe
1234 1943 1553 2008 phlegmatici
1579 1947 1631 1992 in
1656 1945 1808 1994 actio-

58 2007 205 2056 nibus
226 2007 378 2070 pigri,
400 2006 450 2052 in
473 2005 697 2053 motibus
718 2005 966 2068 languidi,
996 2018 1049 2054 ut
1072 2007 1274 2054 limaces
1302 2008 1395 2056 effe
1421 2008 1675 2070 intelligas,
1690 2022 1800 2071 quae

57 2072 109 2119 in
129 2070 217 2118 suo
241 2069 525 2132 phlegmate
545 2068 714 2132 sopiti,
735 2068 883 2116 succo
909 2071 1112 2117 Naturae
1135 2072 1341 2118 nutritio
1363 2074 1590 2119 contenti
1611 2073 1798 2121 vivant.

58 2135 192 2183 Hinc
225 2131 473 2187 ejusmodi
502 2131 703 2179 homini
734 2132 1012 2180 naturalem
1047 2133 1179 2181 dices
1213 2131 1306 2181 effe
1343 2132 1674 2189 modestiam,
1697 2134 1802 2184 fine,

57 2195 300 2246 violentia
326 2195 415 2241 erit
436 2197 629 2256 quietus
644 2228 659 2248 2.
678 2194 778 2242 line
798 2198 975 2243 virtute
994 2208 1220 2259 pacatus:
1254 2210 1552 2246 contemnet
1572 2197 1804 2248 honores

57 2259 159 2310 sine
187 2256 372 2306 invidia
399 2289 412 2310 ‚
446 2257 639 2313 injurias
670 2259 862 2322 spernet
891 2258 991 2306 fine
1023 2259 1261 2308 vindie'ta:
1301 2257 1516 2310 destruet
1544 2261 1691 2314 nihil,
1716 2263 1801 2312 sed

58 2326 108 2373 ὅ(
134 2321 256 2370 nihil
275 2318 547 2370 aedificabit,
573 2323 688 2382 quia
712 2336 973 2382 nunquam
994 2320 1242 2378 Daedalus,
1265 2326 1350 2386 qui
1371 2325 1436 2372 ad
1451 2325 1548 2372 alta
1569 2324 1799 2390 ass'urgat,

57 2398 112 2435 ut
132 2386 329 2433 ruinam
351 2384 526 2430 timere
543 2382 715 2446 potiit,
739 2387 973 2446 caiusque
1002 2386 1201 2434 Icarios.
1286 2389 1569 2450 Nunquam
1596 2389 1794 2438 notabis

53 2448 386 2514 praecipitem:
403 2461 496 2494 nec
519 2461 740 2509 pronum
763 2448 824 2496 ad
845 2451 1049 2501 iras‚nec
1069 2448 1132 2496 ad
1153 2463 1351 2500 amores
1372 2452 1678 2516 proclivem:
1700 2455 1792 2501 vir-

55 2510 399 2564 tutihcroicae
445 2510 682 2563 adtctibet
703 2542 720 2568 2
755 2509 787 2564 si
821 2513 971 2564 etiam
1000 2510 1239 2566 laceffitus
1263 2547 1278 2574 2,
1313 2514 1612 2584 respondere
1646 2514 1793 2579 poffit

1598 2594 1731 2638 „cum
