2132 2916
369 100 390 135 r
403 97 464 149 34
937 80 1118 147 Virgula
1144 83 1363 148 Morphei.

299 180 469 234 forsan
490 179 676 230 diceret
687 176 882 230 Tullius
897 212 910 236 ,
946 177 1142 229 somnia
1162 177 1257 229 effe
1276 189 1418 228 muta
1438 188 1623 230 naturae
1644 175 1917 245 spcstacula
1931 215 1945 238 ,
1971 182 2063 234 ubi

299 247 564 311 loquimur
585 243 687 294 sine
717 259 848 310 voce
872 277 886 299 ,
922 241 1024 293 sine
1056 244 1216 293 oculis
1249 243 1506 299 videmus,
1541 248 1794 309 tangimus
1827 244 2061 302 sinelsen-

301 312 356 363 su
380 344 393 365 ,
430 307 627 359 Assueri
649 308 893 366 conviviis
916 308 1132 361 fruimur
1160 305 1262 356 fine
1286 302 1458 371 gustus
1496 308 1580 358 ubi
1608 310 1764 357 varias
1796 307 1899 361 fine
1921 307 2061 375 gestu

300 372 534 440 personas
559 374 752 437 agimus
764 372 1022 430 Joculares
1038 372 1205 425 Minu,
1225 370 1312 419 ubi
1333 372 1618 420 comoedias
1636 367 1836 426 moesta,
1851 374 2064 436 Tragoe-

298 438 404 486 dias
427 434 537 485 laeta
557 435 761 485 finimus
783 431 1097 498 catastrophe
1115 465 1128 488 ,
1163 432 1412 487 mirabiles
1440 435 1621 492 Roscii.
1723 436 1946 490 Diceret,
1967 435 2064 489 ess'e

299 500 478 552 Ludos
512 497 774 564 phantasia:
810 497 1098 548 umbratiles
1130 530 1144 551 ,
1180 497 1265 546 ubi
1302 512 1438 546 vanae
1468 497 1569 548 sine
1600 498 1782 551 viribus
1809 501 1889 548 irae
1913 533 1927 552 ,
1963 499 2065 548 sine

304 563 538 614 manibus
559 562 718 615 luetae,
743 561 909 613 duella
934 559 1035 609 siue
1060 557 1221 616 hoste,
1241 576 1418 628 pugna:
1438 560 1539 610 fine
1557 563 1732 617 armis,
1752 561 1853 611 fine
1878 562 2065 627 sangui«

303 643 369 679 ne
401 626 610 677 vulnera
634 658 647 679 ‚
684 624 785 676 fine
818 624 1015 676 damno
1055 624 1218 673 clades
1246 658 1260 679 ,
1295 626 1397 674 line
1432 625 1792 675 emolumento
1824 626 2062 678 viuoriae.

303 692 539 745 Diceret,
560 688 820 739 Illussones
838 686 931 736 effe
957 685 1316 743 Phamafficas,
1352 689 1440 738 ubi
1471 690 1523 739 in
1548 686 1760 738 obscura
1782 691 1964 738 mentis
1990 689 2066 739 so.-

304 757 418 822 pitae
447 750 650 803 camera
673 786 686 803 ,
722 768 859 800 nunc
889 754 1018 800 inter
1045 751 1237 801 divitias
1265 751 1498 804 videmur
1516 753 1578 801 Iri
1603 785 1617 806 ,
1653 754 1781 801 inter
1823 764 2067 802 centones

303 817 481 869 Craess5
503 831 639 868 nunc
656 815 755 865 line
773 815 981 869 vinculis
1001 815 1132 869 vieti,
1145 814 1245 864 fine
1256 816 1429 866 Lauris
1448 816 1708 869 Victores,
1735 831 1871 865 nunc
1893 816 2062 865 Aetia-

302 897 385 931 cas
411 883 663 931 cernimus
676 880 960 946 Cleopatrae
986 877 1167 933 clades,
1187 895 1323 928 nune
1343 879 1592 944 gloriosos
1618 879 1818 928 Caesaris
1839 878 1902 927 ad
1919 880 2069 944 Cap-i,

303 946 491 995 tolium
515 944 668 1007 usque
685 948 996 993 comitamur
1018 941 1320 1007 triumphos,
1403 941 1502 992 Sed
1521 942 1696 1000 Tullijs
1725 943 2069 1004 relinquamus

298 1009 406 1063 haze
426 1007 694 1074 paradoxa,
707 1008 793 1072 qui
814 1006 1050 1071 penicillo
1063 1004 1347 1058 Rhetorico
1367 1004 1431 1054 fic
1451 1004 1720 1070 expressam
1731 1005 1929 1063 Somnij
1950 1020 2069 1053 ven-

300 1074 461 1122 ditare
491 1071 653 1121 solent
679 1069 929 1136 Effigiem.
1037 1067 1333 1136 Philosophi
1370 1069 1563 1121 sumus,
1595 1071 1682 1137 qui
1715 1069 1858 1132 quod
1878 1070 2070 1121 Orator

303 1141 358 1187 in
384 1138 540 1205 plano
567 1133 743 1189 fufius,
766 1137 817 1183 in
849 1148 1024 1198 pugno
1053 1132 1228 1183 dieunt
1262 1132 1568 1182 succinstius.
1624 1135 1756 1188 Hinc
1779 1131 1807 1181 a
1830 1134 2068 1196 Principis

303 1199 464 1254 nostri
485 1210 656 1248 mente
677 1213 787 1247 non
805 1197 1071 1251 aberrabis,
1087 1193 1121 1244 si
1134 1197 1409 1250 Somnium
1428 1196 1678 1257 plmztasma
1711 1197 1947 1247 nomines
1963 1229 1975 1249 ,
1996 1197 2071 1241 du„-

304 1278 431 1312 rante
463 1263 609 1321 sbmno
631 1262 823 1309 elicitam
848 1278 861 1306 .·
898 1259 1239 1326 phantasmata
1260 1262 1424 1314 enim,
1455 1274 1565 1322 quae
1596 1259 1865 1313 mollibus,
1894 1258 1975 1307 sed
1999 1271 2070 1307 ta-

304 1344 430 1380 men
449 1324 709 1381 tenacibus
734 1324 924 1374 cerebri
946 1323 1080 1373 fibris
1099 1321 1367 1378 inhaerent,
1384 1335 1535 1385 atque
1562 1318 1812 1387 ergastulis
1835 1356 1848 1376 ,
1873 1321 1907 1371 si
1937 1322 2070 1370 som-

307 1395 360 1443 ni
380 1405 617 1455 tempore
646 1387 676 1437 a
695 1387 1078 1458 quibuscunque
1103 1387 1362 1449 agentibus
1394 1387 1696 1440 excitentur,
1719 1385 2070 1451 imaginationi

307 1465 586 1506 occurrunt
606 1486 619 1506 ,
655 1449 917 1515 variasque
939 1449 1039 1501 five
1062 1448 1260 1512 fingunt
1284 1451 1550 1513 imagines,
1579 1448 1677 1497 five
1709 1449 1939 1499 formant
1971 1449 2073 1513 spe-

309 1519 500 1569 &acula
518 1550 533 1571 ,
565 1515 628 1565 ad
654 1516 909 1564 moventis
933 1513 1193 1562 arbitrium
1226 1511 1511 1577 paratill'imi
1539 1508 1818 1564 histriones.
1918 1513 2070 1561 Som-

308 1586 455 1633 nium
471 1582 620 1645 igi-tur
643 1579 799 1628 veluti
818 1575 974 1642 pastio
998 1575 1311 1627 Phantafiam
1331 1570 1577 1640 praecipue
1601 1574 1769 1628 afficit,
1791 1571 1910 1624 licet
1929 1579 1980 1626 δε
1997 1577 2071 1624 in-

307 1645 533 1698 tellezstus
555 1643 744 1692 sociam
764 1657 874 1690 uon
903 1637 1019 1690 rato
1051 1655 1262 1704 operam
1289 1639 1487 1702 jungat,
1521 1637 1647 1686 dum
1671 1638 1983 1687 somniamus
2007 1638 2071 1687 de

309 1710 479 1762 DEO,
500 1707 561 1755 de
576 1705 810 1770 Angelis-2
831 1704 956 1753 dum
979 1703 1263 1752 formamus
1289 1701 1541 1757 disparsus,
1561 1716 1669 1765 quae
1691 1703 1871 1765 onmia
1891 1713 2073 1767 poten--

307 1775 386 1823 tiae
409 1770 674 1820 materialis
693 1767 931 1832 sphaeram
951 1762 1236 1830 longissime
1256 1766 1508 1831 superant,
1530 1777 1683 1828 atque
1702 1767 1959 1818 virtutem.

438 1833 636 1884 LEUC:
707 1834 767 1881 Et
792 1846 1025 1895 quaenam
1048 1843 1104 1893 tu
1123 1831 1320 1894 agentia
1341 1840 1507 1894 putas,
1530 1843 1755 1891 quorum
1786 1840 1914 1878 nutu
1943 1824 1972 1877 ὲ
2002 1828 2071 1877 la-

310 1898 460 1950 tebris
482 1899 572 1946 suis
594 1893 856 1960 prosiliunt
873 1892 1166 1958 phantastici
1187 1892 1448 1941 ludiones?
1514 1894 1672 1939 MEL:
1740 1892 1823 1940 De
1856 1891 1929 1940 his
1949 1892 2069 1950 varii

65 1985 110 2034 L
137 1986 186 2032 de
203 1984 267 2031 in,
314 1965 451 2014 varia
472 1973 706 2019 nontam
731 1956 1165 2022 philosophantur,
1180 1955 1335 2018 quam
1354 1955 1623 2006 somnia-nt.
1673 1954 1902 2019 Syncfius
1914 1954 2078 2005 Phan-

56 2024 148 2109 [οῇ,
313 2025 474 2081 tasum
502 2023 591 2079 fibi
618 2021 786 2085 fingit,
811 2022 1151 2071 Somniorum
1182 2019 1478 2070 Authorem
1500 2052 1514 2074 ,
1547 2017 1758 2068 Author
1784 2019 1882 2083 ipse
1920 2019 2071 2079 omni

152 2084 164 2097 ⁰
315 2087 563 2142 Phantaso
592 2085 752 2151 magis
785 2083 1044 2133 fanaticus.
1145 2084 1291 2135 Plato
1314 2116 1328 2138 ,
1358 2081 1473 2131 alias
1505 2081 1704 2131 divinus
1725 2114 1740 2136 ‚
1775 2083 1838 2131 de
1865 2080 2071 2137 somnio

150 2177 205 2220 1η
316 2154 459 2202 sentit
482 2151 538 2201 ut.
555 2149 744 2205 homo,
764 2150 880 2210 quia
902 2147 929 2197 a
951 2149 1156 2198 veritate
1179 2145 1406 2201 dissentit,
1421 2144 1546 2193 dum
1571 2145 1705 2193 solos
1731 2145 1920 2210 spiritus
1940 2145 2073 2195 som-

85 2239 266 2288 Conviv·
319 2218 382 2274 nii
404 2210 723 2264 administros
746 2210 839 2260 effe
860 2210 1092 2260 affirmat.
1118 2255 1121 2258 .
1173 2209 1478 2274 Porphyrius
1509 2208 1649 2257 bona
1667 2208 1865 2258 somnia
1895 2208 2073 2262 bonis,

318 2280 452 2330 mala
474 2278 645 2327 tribuit
669 2275 838 2332 Geniis
860 2275 1027 2329 malis,
1054 2273 1327 2336 utrobique
1348 2286 1457 2320 non
1479 2269 1638 2322 male:
1676 2272 1759 2321 secl
1785 2273 1870 2322 ubi
1889 2271 2069 2330 somnii

321 2340 523 2407 genesin
541 2337 705 2405 statuit
724 2354 811 2404 per
829 2340 1021 2387 innatas
1051 2351 1261 2401 quoque
1290 2337 1445 2384 animi
1470 2338 1739 2391 notiones»,
1763 2350 1885 2402 quas
1915 2351 1973 2386 ex
2005 2335 2072 2384 al„

322 2402 431 2454 tera
459 2400 561 2454 vita
594 2418 739 2451 mens
768 2402 966 2456 detulit,
991 2400 1075 2451 hic
1106 2397 1370 2449 enimvero
1391 2413 1501 2448 non
1531 2396 1698 2449 modo
1720 2400 1963 2455 somniat,
1989 2397 2072 2448 scd

323 2467 723 2530 delirat,vineptus
745 2464 1172 2530 metempsichofis
1192 2463 1434 2513 Sestator.
1500 2462 1657 2512 Stoici
1676 2464 1803 2512 inter
1823 2463 1940 2512 alias
1959 2476 2073 2510 cau-

321 2532 393 2583 sas
415 2529 479 2582 ad
490 2530 666 2581 Fatum
685 2541 895 2592 quoque
915 2529 1429 2595 confugiuntmomm
1442 2525 1644 2581 [inscitiae
1661 2527 1954 2639 commufis
1971 2523 2072 2589 asy-

1903 2602 1999 2642 on:
