2177 2905
815 61 1259 127 DEDJCATJO.

722 147 1080 202 Defiderantur
1105 153 1326 209 Patroni,
1635 197 1639 199 .

251 211 360 280 Q
388 220 568 263 contra
587 214 832 278 temporis
859 211 1016 263 nostri
1047 216 1225 265 Zoilos
1247 215 1532 285 Peripatum
1555 233 1817 274 tueantur.-

382 328 386 330 ,
824 277 1053 326 Invenies
1084 294 1239 333 raros,
1482 326 1483 329 ,
1647 290 1648 293 ’
1682 298 1685 301 ·
1810 287 1812 289 ’

376 337 484 402 Qi
507 336 714 403 Epicteti
743 339 1002 390 lucernam
1035 339 1237 392 fictilem
1262 341 1362 399 jam
1389 345 1660 397 licitantur:

603 450 605 454 Α
633 403 841 453 Utinam
862 419 972 452 non
990 405 1211 454 invenias
1230 406 1411 470 plures,

55 466 194 534 Qib
211 481 268 517 us
287 463 458 515 eviluit
471 466 675 530 Stagna,
690 466 870 527 quibus
891 467 1095 516 exosum
1114 469 1347 523 Nomen,
1367 475 1563 535 epomis
1581 477 1897 540 contempta!

301 527 401 579 Sed
424 544 533 578 non
554 527 745 593 indiges
774 529 1002 578 Patrono
1019 562 1032 584 ‚
1050 528 1085 578 fi
1103 530 1424 582 Illanihabes
1437 536 1738 591 ,Patronam‚

331 592 460 660 Quae
483 591 594 657 plus
615 606 716 640 una
733 588 922 655 potest,
984 592 1103 641 uam
1124 607 1307 644 omnes
1325 594 1469 646 fimul
1483 600 1706 650 Patroni.

562 654 657 705 Fac
676 652 886 705 sufficias
910 653 963 703 so
986 657 1029 709 i,
1051 658 1101 706 &
1125 655 1332 715 sufficiet
1347 659 1468 711 sola.

768 717 891 775 Jure
923 729 972 767 te
999 718 1258 768 consecras

756 781 906 828 Macra·
924 780 1262 842 Liberaliffimae:

952 845 1092 894 Nat-n

339 906 556 973 Asylum
575 904 645 956 est
663 904 871 961 miseris,
894 907 1071 957 Altdre
1089 910 1183 958 reis
1199 941 1210 963 ‚
1230 909 1480 963 AErarium
1504 917 1697 980 egenis:

308 971 571 1022 'Omnibus
603 971 790 1023 donat,
814 972 1013 1035 ingratis
1031 973 1233 1035 ingerit,
1267 976 1431 1025 invitis
1455 978 1702 1029 obtrudit:

406 1035 685 1086 Neminem
707 1033 934 1082 relictura
967 1034 1201 1084 miserum
1219 1068 1232 1089 ,
1253 1037 1340 1087 nisi
1359 1038 1618 1102 effe-velit:

243 1093 360 1149 Imo
386 1113 553 1161 neque
584 1110 765 1146 omnes
789 1098 970 1160 patitur
990 1097 1083 1145 esse
1105 1098 1334 1155 miseros,
1356 1106 1442 1164 qui
1466 1103 1560 1153 effe
1583 1105 1780 1155 volunt.

513 1160 739 1210 Praefecit
757 1160 903 1208 Illam
927 1160 1102 1212 DEUS
1130 1160 1386 1221 Beneficiis
1405 1165 1513 1220 suis,

168 1221 236 1278 Ut
253 1239 362 1287 quae
391 1223 538 1273 nobis
561 1223 772 1272 donavit
789 1222 995 1274 DEUM
1010 1256 1022 1277 ‚
1043 1237 1131 1288 per
1147 1224 1353 1276 DEUM
1384 1233 1559 1280 omnia
1579 1232 1850 1295 largiretur.

180 1290 296 1342 Nec
316 1284 452 1335 deest
474 1287 543 1335 illi
561 1286 795 1336 voluntas
816 1284 1069 1340 donandi,
1093 1302 1203 1350 quae
1223 1288 1249 1336 ὲ
1269 1288 1418 1340 DEO
1438 1291 1630 1343 donare
1651 1295 1844 1344 didicit:

212 1351 327 1406 Nec
345 1350 577 1405 facultas,
605 1363 760 1413 quam
781 1348 983 1462 DEU.{1
980 1364 1110 1422 pene
1128 1350 1345 1402 reddidit
1371 1354 1817 1423 omnipotentem.

861 1444 864 1446 -
987 1426 1068 1461 inc

383 1533 385 1537 ἢ
425 1523 427 1526 ,
540 1474 875 1543 Potentiffimam
894 1474 1008 1525 scias
1035 1479 1216 1539 pariter
1234 1481 1486 1535 Dominam,

381 1538 522 1607 Qid
544 1542 683 1589 enim
703 1555 813 1589 non
830 1537 977 1604 possit
998 1539 1110 1592 Illa,
1135 1556 1244 1604 quae
1268 1542 1434 1608 potest
1454 1547 1630 1597 omnia

640 1605 699 1652 In
722 1601 882 1667 ipsum
908 1604 1369 1668 Omnipotentem?

488 1662 870 1715 Thesaurariam
901 1665 1087 1721 voluit,
1109 1670 1161 1718 δε
1185 1667 1517 1727 Thesaurum‚

351 1728 532 1784 Hunc,
551 1741 607 1779 ut
628 1728 814 1795 pofl‘et3
840 1725 1002 1784 Illam,
1024 1741 1078 1778 ut
1106 1731 1256 1781 vellet
1279 1733 1443 1800 largiri
1466 1736 1653 1787 omnia.

738 1793 801 1841 Se
822 1791 981 1856 ipsum
1009 1791 1084 1842 1111
1105 1793 1258 1850 dedit,

451 1854 559 1920 Qi
580 1855 756 1904 omnia
774 1869 863 1919 per
884 1855 1027 1904 Illam
1048 1855 1232 1905 habere
1252 1874 1348 1909 nos
1375 1861 1552 1911 voluit.

315 1915 479 1967 SanCti
498 1921 767 1981 impetrant
790 1917 1025 1979 rogando
1045 1950 1057 1971 ‚
1073 1919 1194 1968 Haec
1220 1936 1347 1985 pene
1367 1924 1687 1987 imperando,

330 1978 567 2032 subditus
586 1980 714 2028 olim
737 1979 912 2030 DEUS
942 1975 1136 2043 pareret
1152 2013 1165 2035 ‚
1188 1981 1221 2031 fi
1243 1983 1330 2032 Illa
1353 1988 1667 2051 praeciperet:

408 2038 553 2094 Licet
573 2057 684 2093 non
703 2039 760 2090 sit
781 2055 908 2107 opus
928 2043 1150 2108 Imperio
1174 2060 1288 2110 erga
1309 2048 1591 2106 volentem,

598 2106 792 2170 Legem
821 2103 1075 2169 observat,
1097 2122 1251 2170 quam
1273 2111 1400 2166 tulit,

722 2169 1001 2218 Reveretur
1024 2170 1272 2220 Matrem:

532 2230 771 2297 Explorat
793 2243 938 2285 vota,
965 2236 1210 2296 praevertit
1230 2237 1460 2303 Imperia.

881 2295 1120 2358 Denique

758 2357 879 2416 Jure
906 2367 955 2407 te
982 2359 1238 2410 consecras

565 2420 830 2479 juventutis
855 2421 1129 2470 Academicae
1149 2425 1422 2476 Proteb'frici.

126 2482 257 2539 Non
285 2482 423 2536 enim
444 2481 573 2533 ullus
595 2482 892 2549 Sophorum
915 2486 1056 2546 queri
1084 2485 1148 2535 de
1165 2487 1252 2537 Illa
1274 2486 1467 2554 potest,
1487 2493 1638 2545 etiam
1660 2494 1866 2562 Impius-1

385 2545 642 2607 Beneficiis
663 2548 888 2603 cumulat
912 2547 1137 2614 indigos,
1165 2549 1336 2605 obruit
1353 2554 1606 2621 indignos,

1782 2622 1921 2678 Patet
