<?xml version="1.0" encoding="UTF-8"?>
<!DOCTYPE html PUBLIC "-//W3C//DTD XHTML 1.0 Transitional//EN"
    "http://www.w3.org/TR/xhtml1/DTD/xhtml1-transitional.dtd">
<html xmlns="http://www.w3.org/1999/xhtml" xml:lang="en" lang="en">
 <head>
  <title>
</title>
<meta http-equiv="Content-Type" content="text/html;charset=utf-8" />
  <meta name='ocr-system' content='tesseract 3.04.00' />
  <meta name='ocr-capabilities' content='ocr_page ocr_carea ocr_par ocr_line ocrx_word'/>
</head>
<body>
  <div class='ocr_page' id='page_1' title='image "./peripateticusnos00sch_0467.png"; bbox 0 0 2177 2905; ppageno 0'>
   <div class='ocr_carea' id='block_1_1' title="bbox 704 74 1726 138">
    <p class='ocr_par' dir='ltr' id='par_1_1' title="bbox 704 74 1726 138">
     <span class='ocr_line' id='line_1_1' title="bbox 704 74 1726 138; baseline 0.008 -15"><span class='ocrx_word' id='word_1_1' title='bbox 704 74 915 135; x_wconf 64' lang='lat' dir='ltr'>&gt;‚Ariadne</span> <span class='ocrx_word' id='word_1_2' title='bbox 939 74 1131 138; x_wconf 76' lang='lat' dir='ltr'>Physica.</span> <span class='ocrx_word' id='word_1_3' title='bbox 1501 89 1505 94; x_wconf 83' lang='grc'>’</span> <span class='ocrx_word' id='word_1_4' title='bbox 1638 77 1726 135; x_wconf 74' lang='lat'>1⁵75</span> 
     </span>
    </p>
   </div>
   <div class='ocr_carea' id='block_1_2' title="bbox 48 163 1810 1302">
    <p class='ocr_par' dir='ltr' id='par_1_2' title="bbox 48 163 1804 423">
     <span class='ocr_line' id='line_1_2' title="bbox 48 163 1804 233; baseline -0.002 -13"><span class='ocrx_word' id='word_1_5' title='bbox 48 164 219 220; x_wconf 75' lang='lat' dir='ltr'>modo</span> <span class='ocrx_word' id='word_1_6' title='bbox 239 163 719 233; x_wconf 78' lang='lat' dir='ltr'>non&#39;extinguuntur</span> <span class='ocrx_word' id='word_1_7' title='bbox 738 166 801 217; x_wconf 88' lang='lat' dir='ltr'>ab</span> <span class='ocrx_word' id='word_1_8' title='bbox 820 167 965 218; x_wconf 88' lang='lat' dir='ltr'>undis</span> <span class='ocrx_word' id='word_1_9' title='bbox 978 200 991 222; x_wconf 89' lang='lat'>‚</span> <span class='ocrx_word' id='word_1_10' title='bbox 1014 166 1095 216; x_wconf 89' lang='lat' dir='ltr'>sed</span> <span class='ocrx_word' id='word_1_11' title='bbox 1115 165 1169 227; x_wconf 81' lang='lat' dir='ltr'>ijs</span> <span class='ocrx_word' id='word_1_12' title='bbox 1194 164 1360 225; x_wconf 62' lang='lat' dir='ltr'>potius</span> <span class='ocrx_word' id='word_1_13' title='bbox 1373 169 1683 220; x_wconf 78' lang='lat' dir='ltr'>nutriuntur:</span> <span class='ocrx_word' id='word_1_14' title='bbox 1698 163 1804 217; x_wconf 54' lang='lat' dir='ltr'>ne»,</span> 
     </span>
     <span class='ocr_line' id='line_1_3' title="bbox 50 230 1799 298; baseline -0.003 -15"><span class='ocrx_word' id='word_1_15' title='bbox 50 245 168 283; x_wconf 83' lang='lat' dir='ltr'>runt</span> <span class='ocrx_word' id='word_1_16' title='bbox 186 232 291 282; x_wconf 86' lang='lat' dir='ltr'>haee</span> <span class='ocrx_word' id='word_1_17' title='bbox 312 231 662 297; x_wconf 90' lang='lat' dir='ltr'>Pyrotechnici</span> <span class='ocrx_word' id='word_1_18' title='bbox 686 264 700 286; x_wconf 89' lang='lat'>,</span> <span class='ocrx_word' id='word_1_19' title='bbox 731 231 817 295; x_wconf 90' lang='lat' dir='ltr'>qui</span> <span class='ocrx_word' id='word_1_20' title='bbox 847 233 899 280; x_wconf 89' lang='lat' dir='ltr'>in</span> <span class='ocrx_word' id='word_1_21' title='bbox 926 231 1285 281; x_wconf 77' lang='lat' dir='ltr'>Vulcanalibus</span> <span class='ocrx_word' id='word_1_22' title='bbox 1316 233 1482 298; x_wconf 78' lang='lat' dir='ltr'>Orgijs</span> <span class='ocrx_word' id='word_1_23' title='bbox 1505 266 1518 287; x_wconf 87' lang='lat'>‚</span> <span class='ocrx_word' id='word_1_24' title='bbox 1556 230 1799 281; x_wconf 82' lang='lat' dir='ltr'>artificiali</span> 
     </span>
     <span class='ocr_line' id='line_1_4' title="bbox 49 291 1799 360; baseline -0.002 -14"><span class='ocrx_word' id='word_1_25' title='bbox 49 294 315 360; x_wconf 86' lang='lat' dir='ltr'>splendore</span> <span class='ocrx_word' id='word_1_26' title='bbox 337 310 488 357; x_wconf 87' lang='lat' dir='ltr'>aquas</span> <span class='ocrx_word' id='word_1_27' title='bbox 509 291 750 344; x_wconf 86' lang='lat' dir='ltr'>illustrant</span> <span class='ocrx_word' id='word_1_28' title='bbox 770 326 783 347; x_wconf 89' lang='lat'>‚</span> <span class='ocrx_word' id='word_1_29' title='bbox 813 293 936 343; x_wconf 90' lang='lat' dir='ltr'>dum</span> <span class='ocrx_word' id='word_1_30' title='bbox 963 295 1230 346; x_wconf 82' lang='lat' dir='ltr'>Paradoxo</span> <span class='ocrx_word' id='word_1_31' title='bbox 1261 296 1524 345; x_wconf 88' lang='lat' dir='ltr'>connubio</span> <span class='ocrx_word' id='word_1_32' title='bbox 1549 294 1799 344; x_wconf 84' lang='lat' dir='ltr'>Mulcibe-</span> 
     </span>
     <span class='ocr_line' id='line_1_5' title="bbox 50 353 1802 423; baseline -0.001 -15"><span class='ocrx_word' id='word_1_33' title='bbox 50 374 166 408; x_wconf 82' lang='lat' dir='ltr'>rum</span> <span class='ocrx_word' id='word_1_34' title='bbox 188 358 391 408; x_wconf 86' lang='lat' dir='ltr'>Thetidi</span> <span class='ocrx_word' id='word_1_35' title='bbox 413 357 653 421; x_wconf 89' lang='lat' dir='ltr'>copulant</span> <span class='ocrx_word' id='word_1_36' title='bbox 670 391 685 412; x_wconf 91' lang='lat'>,</span> <span class='ocrx_word' id='word_1_37' title='bbox 713 353 1087 422; x_wconf 85' lang='lat' dir='ltr'>obstupescente</span> <span class='ocrx_word' id='word_1_38' title='bbox 1114 359 1379 423; x_wconf 88' lang='lat' dir='ltr'><strong>Neptuno.</strong></span> <span class='ocrx_word' id='word_1_39' title='bbox 1447 359 1563 408; x_wconf 89' lang='lat' dir='ltr'>Huc</span> <span class='ocrx_word' id='word_1_40' title='bbox 1590 370 1802 420; x_wconf 81' lang='lat' dir='ltr'>quoque</span> 
     </span>
    </p>

    <p class='ocr_par' dir='ltr' id='par_1_3' title="bbox 52 415 1810 1302">
     <span class='ocr_line' id='line_1_6' title="bbox 90 415 1799 486; baseline -0.004 -12"><span class='ocrx_word' id='word_1_41' title='bbox 90 418 504 474; x_wconf 78' lang='lat' dir='ltr'>ettinet-Asbest0n‚</span> <span class='ocrx_word' id='word_1_42' title='bbox 529 415 556 469; x_wconf 83' lang='grc' dir='ltr'>ὲ</span> <span class='ocrx_word' id='word_1_43' title='bbox 576 434 685 483; x_wconf 90' lang='lat' dir='ltr'>quo</span> <span class='ocrx_word' id='word_1_44' title='bbox 703 420 803 470; x_wconf 87' lang='lat' dir='ltr'>Ars</span> <span class='ocrx_word' id='word_1_45' title='bbox 825 420 942 470; x_wconf 85' lang='lat' dir='ltr'>facit</span> <span class='ocrx_word' id='word_1_46' title='bbox 966 419 1209 484; x_wconf 83' lang='lat' dir='ltr'>elychnia,</span> <span class='ocrx_word' id='word_1_47' title='bbox 1229 421 1374 471; x_wconf 91' lang='lat' dir='ltr'>nullo</span> <span class='ocrx_word' id='word_1_48' title='bbox 1392 423 1507 486; x_wconf 83' lang='lat' dir='ltr'>igne</span> <span class='ocrx_word' id='word_1_49' title='bbox 1528 417 1799 470; x_wconf 88' lang='lat' dir='ltr'>combusti-</span> 
     </span>
     <span class='ocr_line' id='line_1_7' title="bbox 52 437 1802 548; baseline -0.002 -14"><span class='ocrx_word' id='word_1_50' title='bbox 52 437 194 536; x_wconf 59' lang='lat' dir='ltr'>gilla,</span> <span class='ocrx_word' id='word_1_51' title='bbox 217 480 245 532; x_wconf 81' lang='grc' dir='ltr'>ὲ</span> <span class='ocrx_word' id='word_1_52' title='bbox 269 497 375 546; x_wconf 90' lang='lat' dir='ltr'>quo</span> <span class='ocrx_word' id='word_1_53' title='bbox 397 482 588 532; x_wconf 89' lang='lat' dir='ltr'>chartas</span> <span class='ocrx_word' id='word_1_54' title='bbox 603 516 617 538; x_wconf 90' lang='lat'>,</span> <span class='ocrx_word' id='word_1_55' title='bbox 640 486 691 534; x_wconf 73' lang='grc' dir='ltr'>ὃς</span> <span class='ocrx_word' id='word_1_56' title='bbox 721 484 872 532; x_wconf 89' lang='lat' dir='ltr'>lintea</span> <span class='ocrx_word' id='word_1_57' title='bbox 895 483 1127 533; x_wconf 60' lang='lat' dir='ltr'>confecta</span> <span class='ocrx_word' id='word_1_58' title='bbox 1153 486 1422 539; x_wconf 79' lang='lat' dir='ltr'>miramur,</span> <span class='ocrx_word' id='word_1_59' title='bbox 1442 499 1552 548; x_wconf 87' lang='lat' dir='ltr'>quae</span> <span class='ocrx_word' id='word_1_60' title='bbox 1576 499 1685 533; x_wconf 90' lang='lat' dir='ltr'>non</span> <span class='ocrx_word' id='word_1_61' title='bbox 1713 479 1802 532; x_wconf 81' lang='lat' dir='ltr'>nifi</span> 
     </span>
     <span class='ocr_line' id='line_1_8' title="bbox 53 545 1801 612; baseline -0.003 -14"><span class='ocrx_word' id='word_1_62' title='bbox 53 547 83 598; x_wconf 78' lang='grc' dir='ltr'>ὲ</span> <span class='ocrx_word' id='word_1_63' title='bbox 113 545 382 611; x_wconf 84' lang='lat' dir='ltr'>fuliginoso</span> <span class='ocrx_word' id='word_1_64' title='bbox 410 557 615 610; x_wconf 87' lang='lat' dir='ltr'>purgata</span> <span class='ocrx_word' id='word_1_65' title='bbox 636 546 925 596; x_wconf 88' lang='lat' dir='ltr'>Mulcibero</span> <span class='ocrx_word' id='word_1_66' title='bbox 945 580 959 602; x_wconf 92' lang='lat'>,</span> <span class='ocrx_word' id='word_1_67' title='bbox 990 547 1199 597; x_wconf 89' lang='lat' dir='ltr'>candori</span> <span class='ocrx_word' id='word_1_68' title='bbox 1228 545 1435 612; x_wconf 85' lang='lat' dir='ltr'>pristino</span> <span class='ocrx_word' id='word_1_69' title='bbox 1464 545 1801 596; x_wconf 82' lang='lat' dir='ltr'>restituuntur.</span> 
     </span>
     <span class='ocr_line' id='line_1_9' title="bbox 53 608 1805 675; baseline -0.002 -15"><span class='ocrx_word' id='word_1_70' title='bbox 53 612 214 667; x_wconf 82' lang='lat' dir='ltr'>Hujus</span> <span class='ocrx_word' id='word_1_71' title='bbox 238 609 595 674; x_wconf 75' lang='lat' dir='ltr'>privilegiatam</span> <span class='ocrx_word' id='word_1_72' title='bbox 625 610 862 657; x_wconf 86' lang='lat' dir='ltr'>virtutem</span> <span class='ocrx_word' id='word_1_73' title='bbox 891 609 1229 675; x_wconf 88' lang='lat' dir='ltr'>homogeneae</span> <span class='ocrx_word' id='word_1_74' title='bbox 1255 610 1551 674; x_wconf 75' lang='lat' dir='ltr'>simplicitati</span> <span class='ocrx_word' id='word_1_75' title='bbox 1580 608 1805 658; x_wconf 81' lang='lat' dir='ltr'>adscribit</span> 
     </span>
     <span class='ocr_line' id='line_1_10' title="bbox 54 671 1804 738; baseline -0.002 -15"><span class='ocrx_word' id='word_1_76' title='bbox 54 672 283 738; x_wconf 83' lang='lat' dir='ltr'>Physica:</span> <span class='ocrx_word' id='word_1_77' title='bbox 321 686 438 720; x_wconf 87' lang='lat' dir='ltr'>nam</span> <span class='ocrx_word' id='word_1_78' title='bbox 462 673 584 735; x_wconf 88' lang='lat' dir='ltr'>ignis</span> <span class='ocrx_word' id='word_1_79' title='bbox 607 672 797 735; x_wconf 85' lang='lat' dir='ltr'>colligit</span> <span class='ocrx_word' id='word_1_80' title='bbox 827 671 1154 736; x_wconf 83' lang='lat' dir='ltr'>homogenea</span> <span class='ocrx_word' id='word_1_81' title='bbox 1169 707 1182 728; x_wconf 91' lang='lat'>,</span> <span class='ocrx_word' id='word_1_82' title='bbox 1205 677 1254 724; x_wconf 68' lang='grc' dir='ltr'>ὃς</span> <span class='ocrx_word' id='word_1_83' title='bbox 1281 675 1619 737; x_wconf 88' lang='lat' dir='ltr'>heterogenea</span> <span class='ocrx_word' id='word_1_84' title='bbox 1642 671 1804 721; x_wconf 88' lang='lat' dir='ltr'>dissol-</span> 
     </span>
     <span class='ocr_line' id='line_1_11' title="bbox 59 730 1807 798; baseline -0.002 -13"><span class='ocrx_word' id='word_1_85' title='bbox 59 738 156 786; x_wconf 85' lang='lat' dir='ltr'>vit:</span> <span class='ocrx_word' id='word_1_86' title='bbox 194 751 302 798; x_wconf 88' lang='lat' dir='ltr'>quae</span> <span class='ocrx_word' id='word_1_87' title='bbox 327 732 447 783; x_wconf 77' lang='lat' dir='ltr'>cum</span> <span class='ocrx_word' id='word_1_88' title='bbox 466 736 517 782; x_wconf 91' lang='lat' dir='ltr'>in</span> <span class='ocrx_word' id='word_1_89' title='bbox 538 730 758 783; x_wconf 89' lang='lat' dir='ltr'>Asbesto</span> <span class='ocrx_word' id='word_1_90' title='bbox 782 750 890 782; x_wconf 91' lang='lat' dir='ltr'>non</span> <span class='ocrx_word' id='word_1_91' title='bbox 906 736 1114 788; x_wconf 88' lang='lat' dir='ltr'>invenit,</span> <span class='ocrx_word' id='word_1_92' title='bbox 1136 737 1300 785; x_wconf 90' lang='lat' dir='ltr'>eidem</span> <span class='ocrx_word' id='word_1_93' title='bbox 1323 736 1465 785; x_wconf 86' lang='lat' dir='ltr'>servit</span> <span class='ocrx_word' id='word_1_94' title='bbox 1485 736 1807 784; x_wconf 87' lang='lat' dir='ltr'>emolumen-</span> 
     </span>
     <span class='ocr_line' id='line_1_12' title="bbox 58 796 1808 864; baseline -0.002 -16"><span class='ocrx_word' id='word_1_95' title='bbox 58 813 115 849; x_wconf 85' lang='lat' dir='ltr'>to</span> <span class='ocrx_word' id='word_1_96' title='bbox 144 796 337 864; x_wconf 78' lang='lat' dir='ltr'>potius,</span> <span class='ocrx_word' id='word_1_97' title='bbox 359 797 515 859; x_wconf 77' lang='lat' dir='ltr'>quam</span> <span class='ocrx_word' id='word_1_98' title='bbox 540 797 862 846; x_wconf 89' lang='lat' dir='ltr'>detrimento.</span> <span class='ocrx_word' id='word_1_99' title='bbox 929 800 1000 848; x_wconf 86' lang='lat' dir='ltr'>Ex</span> <span class='ocrx_word' id='word_1_100' title='bbox 1021 799 1268 849; x_wconf 86' lang='lat' dir='ltr'>bitumine</span> <span class='ocrx_word' id='word_1_101' title='bbox 1286 800 1515 853; x_wconf 88' lang='lat' dir='ltr'>demum,</span> <span class='ocrx_word' id='word_1_102' title='bbox 1542 802 1592 849; x_wconf 64' lang='grc' dir='ltr'>ὅς</span> <span class='ocrx_word' id='word_1_103' title='bbox 1613 797 1808 863; x_wconf 88' lang='lat' dir='ltr'>sulphu-</span> 
     </span>
     <span class='ocr_line' id='line_1_13' title="bbox 58 857 1808 927; baseline -0.004 -15"><span class='ocrx_word' id='word_1_104' title='bbox 58 878 111 912; x_wconf 91' lang='lat' dir='ltr'>re</span> <span class='ocrx_word' id='word_1_105' title='bbox 133 863 333 911; x_wconf 89' lang='lat' dir='ltr'>aluntur</span> <span class='ocrx_word' id='word_1_106' title='bbox 361 857 671 924; x_wconf 80' lang='lat' dir='ltr'>potissimum</span> <span class='ocrx_word' id='word_1_107' title='bbox 695 859 992 920; x_wconf 83' lang='lat' dir='ltr'>subterranei</span> <span class='ocrx_word' id='word_1_108' title='bbox 1023 865 1187 927; x_wconf 90' lang='lat' dir='ltr'>ignes,</span> <span class='ocrx_word' id='word_1_109' title='bbox 1210 865 1294 926; x_wconf 87' lang='lat' dir='ltr'>qui</span> <span class='ocrx_word' id='word_1_110' title='bbox 1319 877 1406 927; x_wconf 85' lang='lat' dir='ltr'>per</span> <span class='ocrx_word' id='word_1_111' title='bbox 1427 862 1652 910; x_wconf 76' lang='lat' dir='ltr'>Vulcanios</span> <span class='ocrx_word' id='word_1_112' title='bbox 1667 894 1681 915; x_wconf 85' lang='lat'>‚</span> <span class='ocrx_word' id='word_1_113' title='bbox 1699 862 1808 919; x_wconf 82' lang='lat' dir='ltr'>igni-</span> 
     </span>
     <span class='ocr_line' id='line_1_14' title="bbox 56 921 1805 989; baseline -0.001 -17"><span class='ocrx_word' id='word_1_114' title='bbox 56 921 284 986; x_wconf 69' lang='lat' dir='ltr'>vombsque</span> <span class='ocrx_word' id='word_1_115' title='bbox 302 935 486 972; x_wconf 80' lang='lat' dir='ltr'>montes,</span> <span class='ocrx_word' id='word_1_116' title='bbox 510 923 649 970; x_wconf 88' lang='lat' dir='ltr'>velut</span> <span class='ocrx_word' id='word_1_117' title='bbox 678 937 764 986; x_wconf 85' lang='lat' dir='ltr'>per</span> <span class='ocrx_word' id='word_1_118' title='bbox 782 922 999 972; x_wconf 90' lang='lat' dir='ltr'>totidem</span> <span class='ocrx_word' id='word_1_119' title='bbox 1021 929 1248 974; x_wconf 86' lang='lat' dir='ltr'>caminos</span> <span class='ocrx_word' id='word_1_120' title='bbox 1262 927 1458 989; x_wconf 86' lang='lat' dir='ltr'>Stygios</span> <span class='ocrx_word' id='word_1_121' title='bbox 1472 958 1485 979; x_wconf 89' lang='lat'>‚</span> <span class='ocrx_word' id='word_1_122' title='bbox 1501 924 1805 973; x_wconf 86' lang='lat' dir='ltr'>exhalantur.</span> 
     </span>
     <span class='ocr_line' id='line_1_15' title="bbox 59 985 1810 1053; baseline -0.002 -17"><span class='ocrx_word' id='word_1_123' title='bbox 59 985 321 1044; x_wconf 85' lang='lat' dir='ltr'>Eiusmodi</span> <span class='ocrx_word' id='word_1_124' title='bbox 340 986 451 1032; x_wconf 90' lang='lat' dir='ltr'>viva</span> <span class='ocrx_word' id='word_1_125' title='bbox 473 985 660 1034; x_wconf 84' lang='lat' dir='ltr'>Inferni</span> <span class='ocrx_word' id='word_1_126' title='bbox 689 985 913 1048; x_wconf 88' lang='lat' dir='ltr'>symbola</span> <span class='ocrx_word' id='word_1_127' title='bbox 931 1019 943 1040; x_wconf 93' lang='lat'>,</span> <span class='ocrx_word' id='word_1_128' title='bbox 963 998 1078 1036; x_wconf 92' lang='lat' dir='ltr'>toto</span> <span class='ocrx_word' id='word_1_129' title='bbox 1101 988 1270 1043; x_wconf 90' lang='lat' dir='ltr'>Orbe,</span> <span class='ocrx_word' id='word_1_130' title='bbox 1300 987 1512 1052; x_wconf 79' lang='lat' dir='ltr'>dispersit</span> <span class='ocrx_word' id='word_1_131' title='bbox 1535 985 1810 1053; x_wconf 88' lang='lat' dir='ltr'>providum</span> 
     </span>
     <span class='ocr_line' id='line_1_16' title="bbox 58 1046 1810 1112; baseline -0.005 -8"><span class='ocrx_word' id='word_1_132' title='bbox 58 1053 272 1105; x_wconf 86' lang='lat' dir='ltr'>Numen</span> <span class='ocrx_word' id='word_1_133' title='bbox 288 1081 299 1102; x_wconf 93' lang='lat'>,</span> <span class='ocrx_word' id='word_1_134' title='bbox 325 1059 377 1095; x_wconf 90' lang='lat' dir='ltr'>ut</span> <span class='ocrx_word' id='word_1_135' title='bbox 395 1048 446 1094; x_wconf 91' lang='lat' dir='ltr'>in</span> <span class='ocrx_word' id='word_1_136' title='bbox 466 1046 669 1098; x_wconf 89' lang='lat' dir='ltr'>illorum</span> <span class='ocrx_word' id='word_1_137' title='bbox 689 1048 981 1112; x_wconf 62' lang='lat' dir='ltr'>conspectu,</span> <span class='ocrx_word' id='word_1_138' title='bbox 1009 1066 1103 1099; x_wconf 89' lang='lat' dir='ltr'>nos</span> <span class='ocrx_word' id='word_1_139' title='bbox 1123 1063 1303 1100; x_wconf 64' lang='lat' dir='ltr'>oerreat</span> <span class='ocrx_word' id='word_1_140' title='bbox 1321 1052 1506 1100; x_wconf 88' lang='lat' dir='ltr'>Inferni</span> <span class='ocrx_word' id='word_1_141' title='bbox 1522 1050 1717 1104; x_wconf 89' lang='lat' dir='ltr'>umbra,</span> <span class='ocrx_word' id='word_1_142' title='bbox 1744 1062 1810 1097; x_wconf 88' lang='lat' dir='ltr'>ne</span> 
     </span>
     <span class='ocr_line' id='line_1_17' title="bbox 61 1109 1810 1178; baseline -0.003 -14"><span class='ocrx_word' id='word_1_143' title='bbox 61 1114 262 1164; x_wconf 87' lang='lat' dir='ltr'>umbras</span> <span class='ocrx_word' id='word_1_144' title='bbox 287 1125 380 1159; x_wconf 91' lang='lat' dir='ltr'>nos</span> <span class='ocrx_word' id='word_1_145' title='bbox 407 1109 670 1171; x_wconf 81' lang='lat' dir='ltr'>quondam</span> <span class='ocrx_word' id='word_1_146' title='bbox 695 1124 881 1159; x_wconf 88' lang='lat' dir='ltr'>torreat</span> <span class='ocrx_word' id='word_1_147' title='bbox 894 1112 1134 1163; x_wconf 90' lang='lat' dir='ltr'>Infernus.</span> <span class='ocrx_word' id='word_1_148' title='bbox 1211 1115 1294 1163; x_wconf 90' lang='lat' dir='ltr'>De</span> <span class='ocrx_word' id='word_1_149' title='bbox 1314 1113 1523 1168; x_wconf 85' lang='lat' dir='ltr'>AEthna‚</span> <span class='ocrx_word' id='word_1_150' title='bbox 1541 1115 1810 1178; x_wconf 85' lang='lat' dir='ltr'>ignivomo</span> 
     </span>
     <span class='ocr_line' id='line_1_18' title="bbox 63 1173 1810 1239; baseline -0.003 -12"><span class='ocrx_word' id='word_1_151' title='bbox 63 1179 152 1227; x_wconf 92' lang='lat' dir='ltr'>illo</span> <span class='ocrx_word' id='word_1_152' title='bbox 171 1175 343 1225; x_wconf 87' lang='lat' dir='ltr'>Siciliae</span> <span class='ocrx_word' id='word_1_153' title='bbox 366 1184 571 1226; x_wconf 86' lang='lat' dir='ltr'>monte,</span> <span class='ocrx_word' id='word_1_154' title='bbox 596 1175 661 1221; x_wconf 87' lang='lat' dir='ltr'>ita</span> <span class='ocrx_word' id='word_1_155' title='bbox 683 1173 833 1222; x_wconf 88' lang='lat' dir='ltr'>habet</span> <span class='ocrx_word' id='word_1_156' title='bbox 856 1175 1101 1226; x_wconf 84' lang='lat' dir='ltr'>Pererius:</span> <span class='ocrx_word' id='word_1_157' title='bbox 1137 1176 1246 1239; x_wconf 74' lang='lat' dir='ltr'>qubd</span> <span class='ocrx_word' id='word_1_158' title='bbox 1273 1179 1413 1224; x_wconf 77' lang='lat' dir='ltr'>dicam</span> <span class='ocrx_word' id='word_1_159' title='bbox 1435 1178 1484 1223; x_wconf 86' lang='lat' dir='ltr'>de</span> <span class='ocrx_word' id='word_1_160' title='bbox 1505 1178 1581 1223; x_wconf 87' lang='lat' dir='ltr'>hoc</span> <span class='ocrx_word' id='word_1_161' title='bbox 1602 1177 1810 1223; x_wconf 85' lang='lat' dir='ltr'>montium</span> 
     </span>
     <span class='ocr_line' id='line_1_19' title="bbox 64 1235 1808 1302; baseline -0.002 -14"><span class='ocrx_word' id='word_1_162' title='bbox 64 1239 282 1288; x_wconf 84' lang='lat' dir='ltr'>Miraculo</span> <span class='ocrx_word' id='word_1_163' title='bbox 304 1235 580 1296; x_wconf 73' lang='lat' dir='ltr'>nobiltffimo?</span> <span class='ocrx_word' id='word_1_164' title='bbox 624 1239 700 1298; x_wconf 85' lang='lat' dir='ltr'>qui</span> <span class='ocrx_word' id='word_1_165' title='bbox 726 1238 850 1283; x_wconf 77' lang='lat' dir='ltr'>ardet</span> <span class='ocrx_word' id='word_1_166' title='bbox 878 1238 1066 1285; x_wconf 66' lang='lat' dir='ltr'>noffibm</span> <span class='ocrx_word' id='word_1_167' title='bbox 1083 1239 1248 1300; x_wconf 61' lang='lat' dir='ltr'>semper</span> <span class='ocrx_word' id='word_1_168' title='bbox 1271 1273 1286 1294; x_wconf 92' lang='lat'>,</span> <span class='ocrx_word' id='word_1_169' title='bbox 1312 1237 1515 1302; x_wconf 69' lang='lat' dir='ltr'>tantdque</span> <span class='ocrx_word' id='word_1_170' title='bbox 1541 1255 1626 1286; x_wconf 78' lang='lat' dir='ltr'>aevo</span> <span class='ocrx_word' id='word_1_171' title='bbox 1647 1240 1808 1299; x_wconf 81' lang='lat' dir='ltr'>ignium</span> 
     </span>
    </p>
   </div>
   <div class='ocr_carea' id='block_1_3' title="bbox 64 1298 1872 1363">
    <p class='ocr_par' dir='ltr' id='par_1_4' title="bbox 64 1298 1872 1363">
     <span class='ocr_line' id='line_1_20' title="bbox 64 1298 1872 1363; baseline -0.002 -12"><span class='ocrx_word' id='word_1_172' title='bbox 64 1304 252 1351; x_wconf 65' lang='lat' dir='ltr'>materiae</span> <span class='ocrx_word' id='word_1_173' title='bbox 261 1298 447 1359; x_wconf 69' lang='lat' dir='ltr'>fitfficit?</span> <span class='ocrx_word' id='word_1_174' title='bbox 482 1300 537 1346; x_wconf 54' lang='grc' dir='ltr'>εἴν</span> <span class='ocrx_word' id='word_1_175' title='bbox 564 1311 614 1344; x_wconf 78' lang='lat' dir='ltr'>ut</span> <span class='ocrx_word' id='word_1_176' title='bbox 632 1299 769 1358; x_wconf 67' lang='lat' dir='ltr'>majus</span> <span class='ocrx_word' id='word_1_177' title='bbox 778 1299 838 1358; x_wconf 80' lang='lat' dir='ltr'>fit</span> <span class='ocrx_word' id='word_1_178' title='bbox 859 1302 1151 1354; x_wconf 64' lang='lat' dir='ltr'>Mirandum,</span> <span class='ocrx_word' id='word_1_179' title='bbox 1173 1303 1328 1350; x_wconf 62' lang='lat' dir='ltr'>nivalis</span> <span class='ocrx_word' id='word_1_180' title='bbox 1351 1302 1406 1356; x_wconf 83' lang='lat' dir='ltr'>est</span> <span class='ocrx_word' id='word_1_181' title='bbox 1431 1303 1628 1363; x_wconf 84' lang='lat' dir='ltr'>hybernis</span> <span class='ocrx_word' id='word_1_182' title='bbox 1650 1312 1810 1362; x_wconf 81' lang='lat' dir='ltr'>tempo·</span> <span class='ocrx_word' id='word_1_183' title='bbox 1861 1330 1872 1342; x_wconf 84' lang='lat'><strong>·</strong></span> 
     </span>
    </p>
   </div>
   <div class='ocr_carea' id='block_1_4' title="bbox 64 1360 1815 2569">
    <p class='ocr_par' dir='ltr' id='par_1_5' title="bbox 64 1360 1815 2569">
     <span class='ocr_line' id='line_1_21' title="bbox 64 1360 1812 1429; baseline -0.001 -15"><span class='ocrx_word' id='word_1_184' title='bbox 64 1365 182 1414; x_wconf 74' lang='lat' dir='ltr'>ribm·</span> <span class='ocrx_word' id='word_1_185' title='bbox 202 1400 214 1416; x_wconf 90' lang='lat'><em>‚</em></span> <span class='ocrx_word' id='word_1_186' title='bbox 251 1360 508 1424; x_wconf 65' lang='lat' dir='ltr'>egestquue</span> <span class='ocrx_word' id='word_1_187' title='bbox 537 1363 717 1408; x_wconf 77' lang='lat' dir='ltr'>cinerem</span> <span class='ocrx_word' id='word_1_188' title='bbox 757 1365 893 1422; x_wconf 82' lang='lat' dir='ltr'>operit</span> <span class='ocrx_word' id='word_1_189' title='bbox 906 1367 1088 1423; x_wconf 68' lang='lat' dir='ltr'>pruinis.</span> <span class='ocrx_word' id='word_1_190' title='bbox 1188 1367 1246 1414; x_wconf 87' lang='lat' dir='ltr'>In</span> <span class='ocrx_word' id='word_1_191' title='bbox 1276 1378 1454 1416; x_wconf 83' lang='lat' dir='ltr'>monte</span> <span class='ocrx_word' id='word_1_192' title='bbox 1473 1365 1738 1429; x_wconf 78' lang='lat' dir='ltr'>Chymaera</span> <span class='ocrx_word' id='word_1_193' title='bbox 1764 1379 1812 1412; x_wconf 82' lang='lat' dir='ltr'>e·-</span> 
     </span>
     <span class='ocr_line' id='line_1_22' title="bbox 64 1424 1812 1494; baseline -0.002 -15"><span class='ocrx_word' id='word_1_194' title='bbox 64 1443 302 1493; x_wconf 86' lang='lat' dir='ltr'>rumpens</span> <span class='ocrx_word' id='word_1_195' title='bbox 321 1425 527 1475; x_wconf 82' lang='lat' dir='ltr'>flamma</span> <span class='ocrx_word' id='word_1_196' title='bbox 546 1426 841 1488; x_wconf 77' lang='lat' dir='ltr'>extinguitur</span> <span class='ocrx_word' id='word_1_197' title='bbox 859 1424 1044 1490; x_wconf 54' lang='lat' dir='ltr'>ingesta</span> <span class='ocrx_word' id='word_1_198' title='bbox 1060 1427 1238 1483; x_wconf 90' lang='lat' dir='ltr'>humo,</span> <span class='ocrx_word' id='word_1_199' title='bbox 1251 1427 1398 1478; x_wconf 85' lang='lat' dir='ltr'>affusa</span> <span class='ocrx_word' id='word_1_200' title='bbox 1412 1429 1615 1494; x_wconf 85' lang='lat' dir='ltr'>lympha</span> <span class='ocrx_word' id='word_1_201' title='bbox 1638 1443 1812 1477; x_wconf 87' lang='lat' dir='ltr'>accen-</span> 
     </span>
     <span class='ocr_line' id='line_1_23' title="bbox 65 1488 1811 1555; baseline -0.001 -14"><span class='ocrx_word' id='word_1_202' title='bbox 65 1493 214 1542; x_wconf 89' lang='lat' dir='ltr'>ditur.</span> <span class='ocrx_word' id='word_1_203' title='bbox 313 1488 472 1538; x_wconf 89' lang='lat' dir='ltr'>Hecla</span> <span class='ocrx_word' id='word_1_204' title='bbox 497 1502 647 1535; x_wconf 90' lang='lat' dir='ltr'>mons</span> <span class='ocrx_word' id='word_1_205' title='bbox 666 1488 894 1545; x_wconf 85' lang='lat' dir='ltr'>Jslandiae</span> <span class='ocrx_word' id='word_1_206' title='bbox 913 1493 1078 1538; x_wconf 81' lang='lat' dir='ltr'>vomit</span> <span class='ocrx_word' id='word_1_207' title='bbox 1098 1493 1293 1555; x_wconf 82' lang='lat' dir='ltr'>ignem,</span> <span class='ocrx_word' id='word_1_208' title='bbox 1316 1493 1401 1554; x_wconf 88' lang='lat' dir='ltr'>qui</span> <span class='ocrx_word' id='word_1_209' title='bbox 1423 1507 1605 1554; x_wconf 83' lang='lat' dir='ltr'>aquam</span> <span class='ocrx_word' id='word_1_210' title='bbox 1635 1490 1811 1540; x_wconf 90' lang='lat' dir='ltr'>consu-</span> 
     </span>
     <span class='ocr_line' id='line_1_24' title="bbox 67 1546 1813 1620; baseline -0.002 -15"><span class='ocrx_word' id='word_1_211' title='bbox 67 1558 187 1607; x_wconf 90' lang='lat' dir='ltr'>mit,</span> <span class='ocrx_word' id='word_1_212' title='bbox 207 1568 318 1602; x_wconf 91' lang='lat' dir='ltr'>non</span> <span class='ocrx_word' id='word_1_213' title='bbox 347 1547 470 1601; x_wconf 80' lang='lat' dir='ltr'>vero</span> <span class='ocrx_word' id='word_1_214' title='bbox 504 1546 714 1614; x_wconf 89' lang='lat' dir='ltr'>stupam.</span> <span class='ocrx_word' id='word_1_215' title='bbox 798 1552 855 1601; x_wconf 90' lang='lat' dir='ltr'>In</span> <span class='ocrx_word' id='word_1_216' title='bbox 875 1552 1122 1604; x_wconf 85' lang='lat' dir='ltr'>Bohemia</span> <span class='ocrx_word' id='word_1_217' title='bbox 1153 1571 1310 1620; x_wconf 89' lang='lat' dir='ltr'>prope</span> <span class='ocrx_word' id='word_1_218' title='bbox 1343 1555 1606 1620; x_wconf 88' lang='lat' dir='ltr'>Oppidum</span> <span class='ocrx_word' id='word_1_219' title='bbox 1624 1554 1813 1605; x_wconf 87' lang='lat' dir='ltr'>Mittel-</span> 
     </span>
     <span class='ocr_line' id='line_1_25' title="bbox 64 1613 1815 1682; baseline -0.003 -12"><span class='ocrx_word' id='word_1_220' title='bbox 64 1617 231 1671; x_wconf 71' lang='lat' dir='ltr'>wald,</span> <span class='ocrx_word' id='word_1_221' title='bbox 247 1615 470 1664; x_wconf 89' lang='lat' dir='ltr'>eminere</span> <span class='ocrx_word' id='word_1_222' title='bbox 487 1628 637 1662; x_wconf 87' lang='lat' dir='ltr'>mons</span> <span class='ocrx_word' id='word_1_223' title='bbox 661 1613 853 1667; x_wconf 87' lang='lat' dir='ltr'>dicitur,</span> <span class='ocrx_word' id='word_1_224' title='bbox 869 1616 1004 1671; x_wconf 81' lang='lat' dir='ltr'>cujus</span> <span class='ocrx_word' id='word_1_225' title='bbox 1022 1617 1146 1666; x_wconf 86' lang='lat' dir='ltr'>latus</span> <span class='ocrx_word' id='word_1_226' title='bbox 1166 1633 1342 1672; x_wconf 90' lang='lat' dir='ltr'>unum,</span> <span class='ocrx_word' id='word_1_227' title='bbox 1359 1619 1552 1669; x_wconf 85' lang='lat' dir='ltr'>nivibus</span> <span class='ocrx_word' id='word_1_228' title='bbox 1569 1619 1688 1682; x_wconf 85' lang='lat' dir='ltr'>saepe</span> <span class='ocrx_word' id='word_1_229' title='bbox 1712 1617 1815 1682; x_wconf 82' lang='lat' dir='ltr'>ple-</span> 
     </span>
     <span class='ocr_line' id='line_1_26' title="bbox 65 1676 1813 1744; baseline -0.001 -13"><span class='ocrx_word' id='word_1_230' title='bbox 65 1679 318 1731; x_wconf 78' lang='lat' dir='ltr'>niffimum</span> <span class='ocrx_word' id='word_1_231' title='bbox 332 1710 346 1732; x_wconf 90' lang='lat'>,</span> <span class='ocrx_word' id='word_1_232' title='bbox 367 1676 494 1725; x_wconf 87' lang='lat' dir='ltr'>dum</span> <span class='ocrx_word' id='word_1_233' title='bbox 512 1676 722 1725; x_wconf 83' lang='lat' dir='ltr'>alterum</span> <span class='ocrx_word' id='word_1_234' title='bbox 743 1677 1083 1729; x_wconf 78' lang='lat' dir='ltr'>amoenissimo</span> <span class='ocrx_word' id='word_1_235' title='bbox 1102 1681 1263 1736; x_wconf 86' lang='lat' dir='ltr'>Vere,</span> <span class='ocrx_word' id='word_1_236' title='bbox 1284 1679 1576 1744; x_wconf 79' lang='lat' dir='ltr'>florumque</span> <span class='ocrx_word' id='word_1_237' title='bbox 1602 1677 1712 1730; x_wconf 66' lang='lat' dir='ltr'>laeta</span> <span class='ocrx_word' id='word_1_238' title='bbox 1730 1696 1813 1730; x_wconf 87' lang='lat' dir='ltr'>va-</span> 
     </span>
     <span class='ocr_line' id='line_1_27' title="bbox 66 1740 1814 1806; baseline -0.002 -12"><span class='ocrx_word' id='word_1_239' title='bbox 66 1747 238 1794; x_wconf 85' lang='lat' dir='ltr'>rietate</span> <span class='ocrx_word' id='word_1_240' title='bbox 263 1740 501 1806; x_wconf 85' lang='lat' dir='ltr'>superbit,</span> <span class='ocrx_word' id='word_1_241' title='bbox 523 1755 578 1787; x_wconf 89' lang='lat' dir='ltr'>ac</span> <span class='ocrx_word' id='word_1_242' title='bbox 596 1741 852 1804; x_wconf 76' lang='lat' dir='ltr'>gloriatur.</span> <span class='ocrx_word' id='word_1_243' title='bbox 920 1743 978 1790; x_wconf 90' lang='lat' dir='ltr'>In</span> <span class='ocrx_word' id='word_1_244' title='bbox 1006 1743 1182 1791; x_wconf 88' lang='lat' dir='ltr'>eadem</span> <span class='ocrx_word' id='word_1_245' title='bbox 1207 1745 1413 1793; x_wconf 84' lang='lat' dir='ltr'>Islandia</span> <span class='ocrx_word' id='word_1_246' title='bbox 1425 1746 1634 1795; x_wconf 89' lang='lat' dir='ltr'>Montes</span> <span class='ocrx_word' id='word_1_247' title='bbox 1653 1741 1720 1792; x_wconf 89' lang='lat' dir='ltr'>est</span> <span class='ocrx_word' id='word_1_248' title='bbox 1740 1759 1814 1792; x_wconf 87' lang='lat' dir='ltr'>re-</span> 
     </span>
     <span class='ocr_line' id='line_1_28' title="bbox 66 1806 1812 1872; baseline 0.002 -22"><span class='ocrx_word' id='word_1_249' title='bbox 66 1809 250 1872; x_wconf 79' lang='lat' dir='ltr'>perire,</span> <span class='ocrx_word' id='word_1_250' title='bbox 271 1818 492 1865; x_wconf 86' lang='lat' dir='ltr'>quorum</span> <span class='ocrx_word' id='word_1_251' title='bbox 516 1806 721 1852; x_wconf 85' lang='lat' dir='ltr'>vertices</span> <span class='ocrx_word' id='word_1_252' title='bbox 747 1807 990 1867; x_wconf 80' lang='lat' dir='ltr'>perpetuis</span> <span class='ocrx_word' id='word_1_253' title='bbox 1020 1808 1213 1855; x_wconf 86' lang='lat' dir='ltr'>nivibus</span> <span class='ocrx_word' id='word_1_254' title='bbox 1232 1809 1417 1871; x_wconf 86' lang='lat' dir='ltr'>rigent,</span> <span class='ocrx_word' id='word_1_255' title='bbox 1444 1809 1628 1856; x_wconf 87' lang='lat' dir='ltr'>radices</span> <span class='ocrx_word' id='word_1_256' title='bbox 1651 1808 1812 1855; x_wconf 90' lang='lat' dir='ltr'>conti-</span> 
     </span>
     <span class='ocr_line' id='line_1_29' title="bbox 70 1865 1812 1933; baseline 0 -15"><span class='ocrx_word' id='word_1_257' title='bbox 70 1871 180 1918; x_wconf 90' lang='lat' dir='ltr'>nuis</span> <span class='ocrx_word' id='word_1_258' title='bbox 214 1865 407 1929; x_wconf 81' lang='lat' dir='ltr'>ignibus</span> <span class='ocrx_word' id='word_1_259' title='bbox 444 1865 776 1912; x_wconf 84' lang='lat' dir='ltr'>exardescunt.</span> <span class='ocrx_word' id='word_1_260' title='bbox 876 1867 1051 1914; x_wconf 83' lang='lat' dir='ltr'>AEoliae</span> <span class='ocrx_word' id='word_1_261' title='bbox 1082 1870 1251 1917; x_wconf 87' lang='lat' dir='ltr'>Insulae</span> <span class='ocrx_word' id='word_1_262' title='bbox 1290 1871 1389 1933; x_wconf 76' lang='lat' dir='ltr'>jugi</span> <span class='ocrx_word' id='word_1_263' title='bbox 1418 1871 1655 1919; x_wconf 77' lang='lat' dir='ltr'>Vulcano</span> <span class='ocrx_word' id='word_1_264' title='bbox 1690 1884 1812 1918; x_wconf 84' lang='lat' dir='ltr'>exae-</span> 
     </span>
     <span class='ocr_line' id='line_1_30' title="bbox 69 1927 1812 1992; baseline 0 -11"><span class='ocrx_word' id='word_1_265' title='bbox 69 1929 338 1990; x_wconf 86' lang='lat' dir='ltr'>stuant,qui</span> <span class='ocrx_word' id='word_1_266' title='bbox 361 1927 510 1974; x_wconf 87' lang='lat' dir='ltr'>etiam</span> <span class='ocrx_word' id='word_1_267' title='bbox 523 1928 574 1973; x_wconf 90' lang='lat' dir='ltr'>in</span> <span class='ocrx_word' id='word_1_268' title='bbox 592 1927 745 1975; x_wconf 87' lang='lat' dir='ltr'>Maris</span> <span class='ocrx_word' id='word_1_269' title='bbox 766 1927 937 1975; x_wconf 86' lang='lat' dir='ltr'>medio</span> <span class='ocrx_word' id='word_1_270' title='bbox 952 1943 1208 1992; x_wconf 86' lang='lat' dir='ltr'>permanet</span> <span class='ocrx_word' id='word_1_271' title='bbox 1226 1933 1533 1984; x_wconf 66' lang='lat' dir='ltr'>inextinstus.</span> <span class='ocrx_word' id='word_1_272' title='bbox 1601 1932 1699 1982; x_wconf 88' lang='lat' dir='ltr'>Sed</span> <span class='ocrx_word' id='word_1_273' title='bbox 1712 1933 1812 1982; x_wconf 87' lang='lat' dir='ltr'>Ve-</span> 
     </span>
     <span class='ocr_line' id='line_1_31' title="bbox 68 1985 1813 2059; baseline 0 -14"><span class='ocrx_word' id='word_1_274' title='bbox 68 1994 212 2045; x_wconf 91' lang='lat' dir='ltr'>suvio</span> <span class='ocrx_word' id='word_1_275' title='bbox 235 1990 357 2039; x_wconf 88' lang='lat' dir='ltr'>nihil</span> <span class='ocrx_word' id='word_1_276' title='bbox 381 1987 617 2038; x_wconf 83' lang='lat' dir='ltr'>famosius</span> <span class='ocrx_word' id='word_1_277' title='bbox 639 1991 690 2037; x_wconf 88' lang='lat' dir='ltr'>in</span> <span class='ocrx_word' id='word_1_278' title='bbox 709 1985 838 2037; x_wconf 86' lang='lat' dir='ltr'>fastis</span> <span class='ocrx_word' id='word_1_279' title='bbox 862 1987 1120 2039; x_wconf 82' lang='lat' dir='ltr'>historicis,</span> <span class='ocrx_word' id='word_1_280' title='bbox 1189 1995 1408 2059; x_wconf 83' lang='lat' dir='ltr'>Percipc,</span> <span class='ocrx_word' id='word_1_281' title='bbox 1431 1996 1573 2058; x_wconf 90' lang='lat' dir='ltr'>quod</span> <span class='ocrx_word' id='word_1_282' title='bbox 1595 1997 1674 2044; x_wconf 91' lang='lat' dir='ltr'>ille</span> <span class='ocrx_word' id='word_1_283' title='bbox 1689 2026 1702 2049; x_wconf 91' lang='lat'>,</span> <span class='ocrx_word' id='word_1_284' title='bbox 1728 2009 1813 2044; x_wconf 89' lang='lat' dir='ltr'>an-</span> 
     </span>
     <span class='ocr_line' id='line_1_32' title="bbox 70 2049 1812 2123; baseline 0 -16"><span class='ocrx_word' id='word_1_285' title='bbox 70 2073 144 2107; x_wconf 92' lang='lat' dir='ltr'>no</span> <span class='ocrx_word' id='word_1_286' title='bbox 173 2049 355 2105; x_wconf 84' lang='lat' dir='ltr'>Christi</span> <span class='ocrx_word' id='word_1_287' title='bbox 386 2050 727 2115; x_wconf 66' lang='lat' dir='ltr'>ostuagefimo</span> <span class='ocrx_word' id='word_1_288' title='bbox 759 2054 924 2115; x_wconf 85' lang='lat' dir='ltr'>primo</span> <span class='ocrx_word' id='word_1_289' title='bbox 954 2085 968 2105; x_wconf 87' lang='lat'>,</span> <span class='ocrx_word' id='word_1_290' title='bbox 996 2053 1328 2118; x_wconf 69' lang='lat' dir='ltr'>spectaculum</span> <span class='ocrx_word' id='word_1_291' title='bbox 1369 2058 1560 2107; x_wconf 84' lang='lat' dir='ltr'>dederit</span> <span class='ocrx_word' id='word_1_292' title='bbox 1599 2057 1812 2123; x_wconf 88' lang='lat' dir='ltr'>stupenti</span> 
     </span>
     <span class='ocr_line' id='line_1_33' title="bbox 72 2115 1813 2186; baseline 0.002 -19"><span class='ocrx_word' id='word_1_293' title='bbox 72 2118 376 2182; x_wconf 67' lang='lat' dir='ltr'>Campaniae.</span> <span class='ocrx_word' id='word_1_294' title='bbox 446 2115 592 2164; x_wconf 88' lang='lat' dir='ltr'>Circa</span> <span class='ocrx_word' id='word_1_295' title='bbox 612 2115 857 2164; x_wconf 79' lang='lat' dir='ltr'>Calendas</span> <span class='ocrx_word' id='word_1_296' title='bbox 874 2118 1184 2167; x_wconf 87' lang='lat' dir='ltr'>Novembris</span> <span class='ocrx_word' id='word_1_297' title='bbox 1207 2120 1258 2168; x_wconf 88' lang='lat' dir='ltr'>in</span> <span class='ocrx_word' id='word_1_298' title='bbox 1279 2124 1392 2170; x_wconf 73' lang='lat' dir='ltr'>aere</span> <span class='ocrx_word' id='word_1_299' title='bbox 1419 2125 1585 2186; x_wconf 83' lang='lat' dir='ltr'>vagari</span> <span class='ocrx_word' id='word_1_300' title='bbox 1604 2125 1698 2173; x_wconf 87' lang='lat' dir='ltr'>visa</span> <span class='ocrx_word' id='word_1_301' title='bbox 1719 2122 1813 2171; x_wconf 93' lang='lat' dir='ltr'>ho-</span> 
     </span>
     <span class='ocr_line' id='line_1_34' title="bbox 71 2175 1812 2238; baseline 0.002 -6"><span class='ocrx_word' id='word_1_302' title='bbox 71 2184 270 2232; x_wconf 89' lang='lat' dir='ltr'>minum</span> <span class='ocrx_word' id='word_1_303' title='bbox 300 2175 546 2227; x_wconf 86' lang='lat' dir='ltr'>monstra:</span> <span class='ocrx_word' id='word_1_304' title='bbox 583 2178 837 2227; x_wconf 85' lang='lat' dir='ltr'>consecuti</span> <span class='ocrx_word' id='word_1_305' title='bbox 855 2195 978 2228; x_wconf 85' lang='lat' dir='ltr'>mox</span> <span class='ocrx_word' id='word_1_306' title='bbox 998 2193 1134 2230; x_wconf 85' lang='lat' dir='ltr'>terrae</span> <span class='ocrx_word' id='word_1_307' title='bbox 1160 2195 1356 2238; x_wconf 74' lang='lat' dir='ltr'>motus,</span> <span class='ocrx_word' id='word_1_308' title='bbox 1379 2187 1429 2235; x_wconf 63' lang='grc' dir='ltr'>ὃς</span> <span class='ocrx_word' id='word_1_309' title='bbox 1448 2186 1612 2234; x_wconf 88' lang='lat' dir='ltr'>audita</span> <span class='ocrx_word' id='word_1_310' title='bbox 1631 2186 1812 2235; x_wconf 84' lang='lat' dir='ltr'>subter-</span> 
     </span>
     <span class='ocr_line' id='line_1_35' title="bbox 73 2240 1809 2311; baseline 0.003 -16"><span class='ocrx_word' id='word_1_311' title='bbox 73 2259 222 2295; x_wconf 84' lang='lat' dir='ltr'>ranea</span> <span class='ocrx_word' id='word_1_312' title='bbox 251 2240 386 2306; x_wconf 82' lang='lat' dir='ltr'>quasi</span> <span class='ocrx_word' id='word_1_313' title='bbox 411 2243 656 2290; x_wconf 83' lang='lat' dir='ltr'>tonitrua:</span> <span class='ocrx_word' id='word_1_314' title='bbox 693 2241 835 2290; x_wconf 84' lang='lat' dir='ltr'>subin</span> <span class='ocrx_word' id='word_1_315' title='bbox 870 2243 1102 2292; x_wconf 86' lang='lat' dir='ltr'>Oceanus</span> <span class='ocrx_word' id='word_1_316' title='bbox 1134 2245 1374 2301; x_wconf 87' lang='lat' dir='ltr'>fremere,</span> <span class='ocrx_word' id='word_1_317' title='bbox 1393 2250 1587 2311; x_wconf 88' lang='lat' dir='ltr'>mugire</span> <span class='ocrx_word' id='word_1_318' title='bbox 1610 2250 1809 2300; x_wconf 76' lang='lat' dir='ltr'>nubila&gt;</span> 
     </span>
     <span class='ocr_line' id='line_1_36' title="bbox 70 2305 1810 2416; baseline 0.003 -60"><span class='ocrx_word' id='word_1_319' title='bbox 70 2308 260 2358; x_wconf 88' lang='lat' dir='ltr'>montis</span> <span class='ocrx_word' id='word_1_320' title='bbox 283 2306 559 2358; x_wconf 88' lang='lat' dir='ltr'>cacumina,</span> <span class='ocrx_word' id='word_1_321' title='bbox 579 2306 843 2416; x_wconf 54' lang='lat' dir='ltr'>repentino</span> <span class='ocrx_word' id='word_1_322' title='bbox 866 2305 1065 2370; x_wconf 85' lang='lat' dir='ltr'>fragore</span> <span class='ocrx_word' id='word_1_323' title='bbox 1087 2311 1312 2370; x_wconf 79' lang='lat' dir='ltr'>concuti,</span> <span class='ocrx_word' id='word_1_324' title='bbox 1330 2322 1438 2360; x_wconf 89' lang='lat' dir='ltr'>tum</span> <span class='ocrx_word' id='word_1_325' title='bbox 1461 2312 1678 2374; x_wconf 86' lang='lat' dir='ltr'>denique</span> <span class='ocrx_word' id='word_1_326' title='bbox 1702 2328 1810 2361; x_wconf 86' lang='lat' dir='ltr'>eru-</span> 
     </span>
     <span class='ocr_line' id='line_1_37' title="bbox 72 2367 1811 2440; baseline 0.002 -20"><span class='ocrx_word' id='word_1_327' title='bbox 72 2372 206 2420; x_wconf 66' lang='lat' dir='ltr'>&amp;are</span> <span class='ocrx_word' id='word_1_328' title='bbox 232 2367 501 2417; x_wconf 86' lang='lat' dir='ltr'>immensos</span> <span class='ocrx_word' id='word_1_329' title='bbox 527 2368 623 2432; x_wconf 89' lang='lat' dir='ltr'>lapi</span> <span class='ocrx_word' id='word_1_330' title='bbox 662 2383 735 2421; x_wconf 85' lang='lat' dir='ltr'>es,</span> <span class='ocrx_word' id='word_1_331' title='bbox 759 2367 1053 2431; x_wconf 76' lang='lat' dir='ltr'>tantamque</span> <span class='ocrx_word' id='word_1_332' title='bbox 1072 2372 1221 2434; x_wconf 85' lang='lat' dir='ltr'>ignis,</span> <span class='ocrx_word' id='word_1_333' title='bbox 1243 2368 1476 2437; x_wconf 85' lang='lat' dir='ltr'>fumique</span> <span class='ocrx_word' id='word_1_334' title='bbox 1506 2377 1734 2440; x_wconf 87' lang='lat' dir='ltr'>copiam,</span> <span class='ocrx_word' id='word_1_335' title='bbox 1755 2386 1811 2423; x_wconf 89' lang='lat' dir='ltr'>ut</span> 
     </span>
     <span class='ocr_line' id='line_1_38' title="bbox 75 2429 1810 2492; baseline 0.003 -12"><span class='ocrx_word' id='word_1_336' title='bbox 75 2431 214 2489; x_wconf 71' lang='lat' dir='ltr'>eieffi</span> <span class='ocrx_word' id='word_1_337' title='bbox 235 2432 419 2480; x_wconf 84' lang='lat' dir='ltr'>cineres</span> <span class='ocrx_word' id='word_1_338' title='bbox 444 2447 553 2479; x_wconf 91' lang='lat' dir='ltr'>non</span> <span class='ocrx_word' id='word_1_339' title='bbox 583 2429 748 2480; x_wconf 84' lang='lat' dir='ltr'>modo</span> <span class='ocrx_word' id='word_1_340' title='bbox 776 2443 941 2480; x_wconf 86' lang='lat' dir='ltr'>totam</span> <span class='ocrx_word' id='word_1_341' title='bbox 971 2430 1266 2483; x_wconf 66' lang='lat' dir='ltr'>devastarint</span> <span class='ocrx_word' id='word_1_342' title='bbox 1285 2447 1422 2486; x_wconf 86' lang='lat' dir='ltr'>terrae</span> <span class='ocrx_word' id='word_1_343' title='bbox 1446 2440 1678 2489; x_wconf 87' lang='lat' dir='ltr'>viciniam</span> <span class='ocrx_word' id='word_1_344' title='bbox 1694 2470 1707 2492; x_wconf 71' lang='grc'>,</span> <span class='ocrx_word' id='word_1_345' title='bbox 1727 2437 1810 2486; x_wconf 90' lang='lat' dir='ltr'>sed</span> 
     </span>
     <span class='ocr_line' id='line_1_39' title="bbox 77 2493 1809 2569; baseline 0.002 -24"><span class='ocrx_word' id='word_1_346' title='bbox 77 2501 130 2552; x_wconf 68' lang='grc' dir='ltr'>ὃς</span> <span class='ocrx_word' id='word_1_347' title='bbox 149 2496 294 2548; x_wconf 81' lang='lat' dir='ltr'>Mare</span> <span class='ocrx_word' id='word_1_348' title='bbox 319 2494 658 2560; x_wconf 81' lang='lat' dir='ltr'>oppleverint,</span> <span class='ocrx_word' id='word_1_349' title='bbox 679 2493 914 2548; x_wconf 78' lang='lat' dir='ltr'>homines</span> <span class='ocrx_word' id='word_1_350' title='bbox 940 2510 1059 2549; x_wconf 88' lang='lat' dir='ltr'>cum</span> <span class='ocrx_word' id='word_1_351' title='bbox 1084 2497 1267 2558; x_wconf 81' lang='lat' dir='ltr'>Brutis,</span> <span class='ocrx_word' id='word_1_352' title='bbox 1289 2515 1407 2556; x_wconf 86' lang='lat' dir='ltr'>cum</span> <span class='ocrx_word' id='word_1_353' title='bbox 1435 2502 1641 2569; x_wconf 81' lang='lat' dir='ltr'>piscibus</span> <span class='ocrx_word' id='word_1_354' title='bbox 1667 2500 1809 2550; x_wconf 77' lang='lat' dir='ltr'>volu·</span> 
     </span>
    </p>
   </div>
   <div class='ocr_carea' id='block_1_5' title="bbox 1640 2577 1744 2614">
    <p class='ocr_par' dir='ltr' id='par_1_6' title="bbox 1640 2577 1744 2614">
     <span class='ocr_line' id='line_1_40' title="bbox 1640 2577 1744 2614; baseline 0 0"><span class='ocrx_word' id='word_1_355' title='bbox 1640 2577 1744 2614; x_wconf 72' lang='lat' dir='ltr'>CICS</span> 
     </span>
    </p>
   </div>
   <div class='ocr_carea' id='block_1_6' title="bbox 1844 1160 2049 1276">
    <p class='ocr_par' dir='ltr' id='par_1_7' title="bbox 1844 1160 2049 1276">
     <span class='ocr_line' id='line_1_41' title="bbox 1861 1160 2049 1217; baseline -0.011 -4"><span class='ocrx_word' id='word_1_356' title='bbox 1861 1160 2049 1217; x_wconf 66' lang='lat' dir='ltr'>Cor&#39;t‘zcnt.</span> 
     </span>
     <span class='ocr_line' id='line_1_42' title="bbox 1844 1228 2020 1276; baseline 0.011 -3"><span class='ocrx_word' id='word_1_357' title='bbox 1844 1228 1888 1276; x_wconf 82' lang='lat' dir='ltr'>in</span> <span class='ocrx_word' id='word_1_358' title='bbox 1901 1231 2020 1276; x_wconf 84' lang='lat' dir='ltr'>Dan.</span> 
     </span>
    </p>
   </div>
   <div class='ocr_carea' id='block_1_7' title="bbox 1840 2136 2042 2197">
    <p class='ocr_par' dir='ltr' id='par_1_8' title="bbox 1840 2136 2042 2197">
     <span class='ocr_line' id='line_1_43' title="bbox 1840 2136 2042 2197; baseline -0.005 -15"><span class='ocrx_word' id='word_1_359' title='bbox 1840 2136 2042 2197; x_wconf 77' lang='lat' dir='ltr'>Spondan.</span> 
     </span>
    </p>
   </div>
  </div>
 </body>
</html>
