2177 2905
769 100 916 149 Mom'i
951 97 1162 156 fenestra.
1672 111 1764 159 203
1860 94 1871 101 ’

63 195 210 245 nales
239 189 429 250 nostri,
446 189 601 257 -quod
629 191 724 249 illi,
746 195 803 243 'in
831 194 1118 259 symbolico
1143 190 1394 242 schemate
1415 228 1427 249 ‚
1455 192 1536 244 sua
1554 193 1829 258 >quondam

72 260 413 324 repraesentata
437 256 672 307 divinitus
697 274 869 324 opera.
907 258 1004 308 Sed
1024 270 1298 320 antequam
1320 258 1381 306 ab
1405 260 1622 323 imagine
1652 258 1827 307 velum

70 337 397 376 removeam,
418 318 659 387 praenosse
690 334 739 370 te
761 322 897 379 juvat
912 355 924 377 ,
945 320 1083 370 hunc
1104 320 1393 375 hominem,
1414 320 1447 369 fi
1467 334 1640 370 tamen
1661 320 1828 370 homi-

72 401 193 435 nem
210 420 224 440 ,
247 389 298 436 <Sc
319 400 427 433 non
449 383 617 450 potius
641 383 930 449 Angelum,
949 384 1153 450 plebeiae
1183 386 1478 448 neutiquam
1506 383 1644 433 fuiffe
1679 386 1829 434 virtu-

76 452 136 497 tis
151 482 164 503 ,
187 448 269 500 sed
292 448 508 497 heroicae
530 445 687 499 adeo,
709 460 765 496 ut
787 449 1037 498 revelante
1065 448 1223 497 Coelo
1238 481 1250 501 ,
1276 449 1356 497 vix
1379 447 1692 501 sanetiorem,
1708 459 1830 496 tunc

74 512 346 576 temporis,
375 510 607 561 habuerit
629 508 939 560 Christianus
969 511 1138 560 Orbis.
1241 512 1303 559 Et
1323 511 1468 573 quod
1496 523 1551 559 tu
1579 511 1679 567 jam
1704 511 1831 574 sym-

75 574 261 624 bolum
281 574 554 640 exspectas?
590 574 732 628 vide,
756 577 806 625 <Sc
831 571 1149 639 obstupesce:
1187 575 1370 623 Botrus
1395 571 1488 628 est,
1511 577 1647 631 cujus
1677 575 1831 638 plera-

75 652 175 701 que
194 654 373 703 grana,
393 639 474 688 vel
498 637 711 704 putrida,
728 638 807 686 vel
826 639 1114 691 immatura,
1134 636 1259 685 sicca
1273 670 1285 690 ,
1308 637 1388 686 vel
1411 637 1658 690 abortiva,
1679 649 1734 686 ut
1751 652 1834 702 pe-

76 698 142 750 ne
165 703 376 752 botrum
394 704 446 751 in
465 702 622 751 botro
646 703 864 764 requiras
879 735 892 756 ,
915 698 1287 750 necimmerito
1317 700 1447 749 hanc
1471 701 1539 748 illi
1562 700 1712 749 addas
1737 701 1835 764 epi-

79 765 326 830 graphen:
364 766 601 828 exspec‘lfavi
618 782 740 816 uvas,
763 767 819 812 &
838 781 929 811 ecce
945 768 962 809 Ι
983 763 1204 820 labrufhazs.
1289 765 1497 815 DEUM
1514 764 1833 812 irhortalem!

80 829 113 878 fi
136 828 240 876 haec
263 831 314 878 in
334 830 496 884 viridi,
512 830 634 892 quid
657 830 747 876 erit
767 830 818 876 in
838 827 1011 877 arido?
1046 827 1114 875 nil
1134 825 1218 876 hic
1239 842 1367 892 opus
1395 823 1463 875 est
1483 827 1688 875 addere:
1726 825 1837 875 Phi-

79 891 322 956 losophus
345 898 394 941 es
408 892 720 943 Leucothee,
741 894 790 941 ὅ(
813 893 1047 956 ignorare
1064 893 1240 953 nequis
1258 890 1503 955 arguendi
1528 889 1838 953 methodum

84 955 113 1004 ὲ
136 956 354 1003 fortiori.
424 955 481 1004 Id
502 970 560 1003 ex
578 966 627 1002 te
651 970 841 1017 quaero,
857 954 1003 1017 quod
1023 954 1086 1002 de
1106 954 1343 1019 operibus
1368 956 1464 1003 tuis
1487 956 1577 1002 erit
1595 953 1840 1011 judicium

85 1021 137 1069 in
155 1019 245 1066 illo
265 1017 500 1075 Judicio?
537 1016 763 1066 ulterius:
792 1017 829 1076 fi
850 1019 926 1064 lux
953 1020 997 1062 in
1024 1016 1140 1064 nobis
1151 1018 1252 1074 funt
1282 1017 1483 1072 tenebrae,
1507 1016 1687 1064 tenebrae
1707 1032 1838 1080 quan-

85 1095 137 1129 tae
158 1082 318 1128 erant?
354 1083 510 1145 capis,
538 1078 589 1128 ni
610 1080 785 1134 fallor,
809 1080 932 1128 illud
952 1080 1206 1135 Bernardi,
1226 1079 1335 1130 imo
1354 1097 1468 1130 non
1488 1081 1742 1134 Bernardi,
1756 1078 1837 1128 sed

87 1146 324 1195 Veritatis
354 1145 405 1191 in
436 1144 695 1192 Bernardo
735 1145 1046 1192 vaticinantis
1074 1144 1382 1192 Oraculum:
1419 1143 1754 1197 verendumesi,
1786 1159 1837 1188 ne
1866 1134 2031 1206 {erm-5
2036 1143 2083 1191 4·

80 1207 158 1267 fitb
179 1222 270 1254 tam
289 1206 443 1265 subtili
466 1210 661 1254 examine
682 1207 823 1253 multae
846 1205 986 1260 nostrae
1013 1206 1228 1265 justitae,
1253 1223 1339 1270 quae
1350 1207 1644 1268 putabantur,
1658 1218 1837 1268 peccata
1859 1212 1912 1244 *W
1933 1197 2051 1244 Cant·

44 1332 47 1333 7
89 1283 339 1334 appareant„
919 1287 923 1290 ·

217 1334 416 1385 LEUC:
486 1333 605 1383 Alia
621 1348 813 1399 nempe
837 1332 1022 1391 'judicia
1034 1333 1182 1386 DEI,
1207 1333 1299 1382 alia
1322 1332 1620 1383 hominum.
1682 1334 1739 1384 Si
1756 1335 1842 1393 Ju-

91 1395 190 1448 stus
212 1400 292 1447 vix
314 1396 602 1450 salvabitur,
632 1410 869 1461 peccator
889 1396 979 1447 ubi
1004 1395 1225 1460 parebit?
1256 1396 1389 1451 haec,
1419 1398 1603 1452 credo,
1623 1397 1732 1447 sunt
1761 1398 1844 1447 illa

91 1473 425 1527 peccata,quae
448 1460 743 1509 formidavit
755 1461 941 1524 Regius
954 1460 1286 1514 Psaltes,·dum
1301 1460 1420 1508 dixit
1429 1478 1445 1508 ,ε
1460 1459 1513 1507 ab
1533 1463 1703 1508 occultis
1723 1478 1845 1507 mun-

93 1528 148 1571 da
171 1542 237 1571 me
260 1526 464 1573 Domine.
528 1526 685 1570 MEL:
740 1525 812 1572 Ita
834 1519 928 1575 est5
948 1521 1054 1572 haec
1072 1522 1498 1579 formidavit,non
1520 1537 1694 1573 tamen
1716 1524 1842 1574 sola:

93 1587 319 1650 namque
332 1587 442 1636 sunt
469 1587 561 1636 alia
584 1584 743 1650 magis
764 1587 1018 1641 timenda,
1043 1588 1160 1647 quia
1190 1585 1348 1652 magis
1381 1589 1599 1638 occulta.
1695 1590 1844 1638 Dixi:

94 1652 322 1700 terribilis
346 1665 441 1698 nos
467 1662 640 1699 manet
662 1650 955 1715 exspCCtatio
979 1649 1211 1713 quaedam
1243 1651 1402 1710 iudicij
1419 1685 1430 1705 ,
1451 1664 1658 1717 propter
1674 1667 1849 1718 pecca-

97 1728 147 1764 ta
161 1749 172 1770 ,
199 1731 306 1778 quae
326 1716 643 1779 ignoramus:
679 1714 807 1764 volo
831 1713 1014 1768 dicere,
1030 1728 1237 1779 propter
1256 1731 1408 1779 opera
1431 1715 1595 1770 bona,
1615 1731 1725 1778 quae
1746 1732 1850 1764 ma-

97 1777 144 1828 le
173 1780 408 1830 fecimuss
446 1780 495 1828 ὃς
518 1790 723 1843 propter
751 1791 905 1840 opera
923 1778 1078 1832 bona,
1101 1793 1210 1840 quae
1232 1795 1341 1826 non
1370 1779 1662 1834 fecimus,&
1682 1780 1847 1827 facere

100 1856 273 1891 tamen
295 1842 576 1890 debuimus.
632 1842 752 1889 Haec
776 1843 886 1888 sunt
905 1854 1107 1904 peccata
1127 1840 1488 1895 omiffionis,&
1516 1844 1709 1890 utinam
1736 1858 1847 1890 non
1894 1883 1902 1888 ,μ

100 1907 223 1971 saepe
254 1906 551 1953 oblivionis!
589 1919 709 1951 nam
729 1905 903 1951 animo
927 1901 1071 1951 facile
1093 1903 1373 1954 elabuntur,
1390 1920 1499 1966 quae
1523 1907 1845 1954 omittuntur.

102 1973 224 2020 Haec
245 1969 479 2017 dicuntur
502 1966 537 2016 a
561 1969 728 2030 Regio
756 1967 888 2015 Vate
920 1967 1104 2016 occulta,
1136 1968 1252 2027 quia
1284 1967 1431 2014 nobis
1456 1970 1507 2015 in
1539 1970 1640 2017 vita
1667 1967 1831 2033 potiffi

105 2032 253 2083 mum
276 2032 610 2080 occultantur.
657 2031 852 2078 Scimus
871 2045 944 2083 ea,
964 2044 1072 2091 quae
1095 2028 1304 2078 fecimus
1319 2063 1332 2083 ,
1354 2045 1462 2092 quae
1491 2047 1599 2079 non
1617 2032 1847 2086 fecimus,
1898 2063 1901 2066 <

105 2097 405 2162 plerumque
427 2096 743 2158 ignoramus:
781 2093 1015 2142 dolemus
1044 2091 1164 2157 saepe
1194 2092 1257 2141 de
1285 2093 1584 2149 commiffis,
1602 2095 1757 2144 rarius
1788 2095 1851 2145 de

108 2157 324 2209 omissis,
360 2157 477 2206 hinc
496 2156 673 2206 omiffa
701 2154 974 2206 commiffis
994 2156 1187 2220 pejora:
1224 2172 1344 2205 nam
1366 2155 1602 2207 facillime
1621 2159 1850 2214 facimuS,

108 2219 402 2272 difficillime
420 2222 773 2285 cognoscimus
788 2253 801 2273 ,
825 2216 1060 2268 rarissime
1086 2220 1430 2269 emendamus.
1499 2222 1741 2271 Terribile
1763 2225 1854 2273 erit

108 2287 352 2345 judicium
377 2296 582 2349 propter
610 2283 845 2338 corniss'a,
872 2284 1130 2339 terribilius
1147 2297 1352 2349 propter
1382 2284 1584 2334 omiffa:
1621 2287 1855 2351 peribunt

113 2350 284 2402 multi,
306 2359 510 2412 propter
531 2362 612 2402 ea,
639 2361 748 2409 quae
770 2347 1024 2401 fecerunt,
1081 2347 1248 2396 lurimi
1270 2360 1477 2413 propter
1501 2364 1556 2398 ea
1573 2383 1584 2404 ,
1604 2365 1714 2413 quae
1745 2366 1855 2399 non

113 2414 358 2464 fecerunt.
457 2412 590 2461 Hinc
615 2411 775 2468 Judex
802 2412 1014 2460 Divinus
1074 2409 1304 2461 ccisivam
1332 2411 1493 2460 ferens
1510 2414 1561 2461 in
1589 2413 1857 2462 damnatos

115 2476 454 2529 Sententiam,
474 2489 584 2523 non
604 2473 758 2527 dicet,
779 2477 865 2526 ite,
892 2476 1009 2538 quia
1030 2471 1206 2524 fecistis
1222 2493 1235 2528 3
1253 2474 1336 2525 sed
1358 2479 1444 2527 ite,
1471 2478 1586 2538 quia
1609 2493 1717 2525 non
1737 2477 1858 2525 feci-

117 2538 219 2591 stis:
256 2554 366 2590 non
391 2538 621 2604 allegabit
642 2537 905 2591 commissa
920 2571 932 2594 ,
950 2538 1037 2654 {ed
1055 2538 1375 2605 exprobrabit
1395 2539 1596 2592 omiffa:
1633 2544 1719 2592 Ite,
1743 2542 1860 2602 quia

1015 2617 1042 2654 c
1078 2616 1105 2651 2.
1719 2620 1800 2652 non
