2177 2905
722 91 904 153 Oedipus
920 90 1131 156 Phyficm.
1146 120 1158 130 ·
1330 94 1341 100 ”
1655 111 1742 146 201

183 183 384 238 LEUC:
404 195 425 207 ⁸*
449 182 501 238 Si
522 183 771 243 eiusmodi
793 184 974 250 Sophis
1001 186 1281 239 abundaret
1300 188 1551 256 Peripatus
1565 224 1577 247 ,
1599 206 1708 242 non
1725 189 1810 241 ha-

54 249 393 315 beretSphinx
410 247 877 314 Philosophicaycut
897 247 1123 299 monstra
1139 268 1195 300 ex
1209 253 1393 303 Africae
1412 254 1590 318 spelaeis
1606 255 1706 304 huc
1723 255 1807 304 ad-

54 325 279 364 vocaret.
343 313 645 378 Superatent
671 314 847 362 omnia
879 309 1106 362 monstra
1136 314 1189 365 hi
1211 314 1397 381 Sophi,
1421 320 1537 379 quia
1567 319 1806 379 Philofhphi

52 377 353 428 irrationales,
375 379 427 426 ὃς
449 377 501 424 in
526 378 732 436 Peripaco
755 382 909 422 Poetae.
997 376 1100 426 Sed
1123 394 1246 427 cum
1267 379 1471 429 Nasone
1498 381 1560 429 ad
1578 382 1805 429 Pontum

34 438 150 502 -hos
178 439 457 504 relegamus
483 438 860 504 Morosophos,
891 450 946 488 ut
974 440 1078 488 suas
1107 441 1294 490 ibidem
1331 456 1617 506 excoquant
1644 446 1804 493 Meta-

51 501 373 568 morphoses:
409 500 558 551 nobis
578 503 630 551 in
651 502 754 552 hoc
773 502 925 552 Orbis
950 502 1178 553 Theatro
1200 508 1396 557 veriora
1426 504 1652 555 monstra
1675 506 1806 556 exhi·

13 596 21 600 κ
50 565 192 616 bebit
212 565 423 615 Natura.
489 567 647 612 MEL:
682 561 927 615 Abunde.
980 566 1174 628 Aerem
1194 568 1401 633 suspice,
1420 573 1473 620 ὅ(
1499 570 1689 619 videbis
1714 584 1806 621 vo·

47 629 188 678 lucre
213 639 528 692 portentum,
553 628 724 691 quod,
753 642 892 677 anno
916 626 943 678 ἃ
975 628 1200 693 reparata
1220 632 1389 681 Salute
1414 633 1684 682 millesimo
1706 632 1805 682 sex-

50 693 332 743 centesimo
359 691 604 756 vigesimo
632 691 847 745 octavo,
867 693 919 740 in
939 694 1171 756 Hispania
1195 694 1378 759 glande
1407 696 1665 752 traiestum
1694 712 1804 762 per-
1837 699 2036 750 Met-cur.

50 754 243 810 hibent,
261 757 314 803 in
331 753 501 804 fronte
525 755 683 805 oculo
705 753 1144 819 humano,capite,
1164 772 1222 806 ac
1242 762 1438 822 mugitu
1461 760 1676 815 bovino,
1689 775 1802 809 cau·
1836 767 1988 810 Germ.
2038 808 2046 814 .

50 815 117 867 da
143 820 196 867 in
218 819 347 867 duos
367 818 524 867 veluti
554 818 688 866 enses
714 816 933 871 diffesta,
958 835 1016 867 ac
1044 818 1248 882 pectore
1269 821 1487 871 loricato
1519 823 1794 887 spectabile.
1835 825 2060 874 Valentini

50 881 110 929 In
139 895 327 943 aquam
357 881 540 930 oculos
570 880 835 943 demerge,
865 884 917 931 &
951 883 1002 930 in
1022 882 1234 932 flumine
1262 880 1456 933 Vistula
1486 882 1699 950 stupebis
1730 889 1800 952 pi·
1837 888 2031 946 Piliam.

46 942 198 997 scem,
216 955 423 1005 captum
448 958 586 992 anno
609 943 877 994 millelimo
899 943 1252 995 sexcentefimo
1277 947 1519 1011 vigesimo
1540 952 1802 1013 tertio,qui

46 1018 200 1070 caput
221 1003 370 1054 instar
386 1004 609 1055 hominis
629 1020 869 1055 carneum
889 1004 1192 1062 ostentabat,
1216 1012 1430 1059 caudam
1452 1009 1484 1060 ὲ
1512 1012 1664 1062 dorso
1684 1028 1803 1077 pro-

47 1067 247 1126 jiciebat
264 1065 412 1118 instar
432 1069 701 1122 Draconis,
722 1084 829 1117 uno
850 1070 977 1133 pede
991 1071 1253 1133 Aquilam,
1270 1073 1429 1122 altero
1441 1075 1678 1125 Leonem
1691 1079 1803 1126 imi-

46 1133 258 1182 tabatur.
358 1134 570 1181 Terram
599 1131 800 1182 curioso
829 1133 986 1182 oculo
1016 1131 1189 1188 lustra,
1228 1139 1279 1187 <Sc
1307 1135 1529 1186 sexcenta
1557 1154 1680 1188 mox
1709 1154 1800 1188 oc-

45 1208 250 1246 current
260 1195 466 1246 Naturae
488 1194 732 1260 prodigia.
800 1195 942 1260 Qid
964 1197 1254 1253 mirabilius,
1277 1199 1431 1262 quam
1447 1201 1800 1250 Vitulo-cervus?

46 1263 101 1311 ὃ(
128 1272 300 1308 tamen
319 1258 569 1315 ejusmodi
588 1258 804 1312 animal,
827 1259 1044 1309 vitulino
1068 1275 1286 1326 corpore
1303 1296 1315 1316 ‚
1339 1278 1395 1310 ac
1416 1264 1623 1328 pedibus
1649 1267 1805 1315 cervi·

46 1325 121 1372 nis
139 1324 324 1373 Romae
342 1321 662 1387 spestandum
684 1320 823 1370 dedit
848 1323 1032 1374 Annus
1055 1323 1193 1387 supra
1211 1325 1533 1376 millesimum
1561 1329 1808 1377 sexcente-

45 1385 231 1435 fimum
249 1383 688 1449 quinquagefimus
707 1398 924 1449 quartus.
979 1386 1118 1452 Qid
1136 1384 1438 1453 stupendum
1460 1388 1801 1456 magis,quam

47 1455 187 1505 Pyrus
205 1460 418 1508 puerpera
438 1449 460 1494 ἐ
505 1450 556 1498 ὃς
583 1459 755 1495 tamen
789 1449 942 1513 Pyrus
970 1447 1290 1506 hujusmodi,
1312 1453 1531 1502 fruetum
1563 1455 1798 1503 notabilis

43 1512 418 1575 magnitudinis,
432 1507 654 1558 humana
674 1510 798 1558 facie
820 1512 1124 1577 infignitum,
1149 1516 1305 1567 enixa,
1326 1517 1616 1578 Stutgardiae
1632 1519 1797 1566 Anno

49 1576 188 1632 1644.
210 1571 553 1623 Sereniffimos
573 1574 723 1622 etiam
747 1575 926 1625 oculos
948 1577 997 1623 in
1020 1577 1065 1624 se
1086 1581 1354 1627 convertit.
1421 1580 1521 1628 Sed
1541 1584 1589 1637 <Sc
1610 1582 1795 1630 Plinius

43 1637 231 1689 scribit,
253 1633 420 1685 vidiffe
449 1635 496 1683 se
527 1635 763 1684 arborem
794 1639 926 1693 juxta
948 1639 1179 1688 Tiburtes
1202 1642 1415 1696 Tullias,
1437 1646 1581 1692 omni
1612 1659 1798 1708 genere

43 1714 330 1765 pomorum
360 1694 624 1750 onustam3
659 1699 760 1748 alio
785 1715 932 1755 ramo
956 1702 1195 1756 nucibus,
1219 1704 1319 1752 alio
1333 1704 1521 1760 baccis,
1553 1707 1653 1756 alio
1674 1709 1792 1761 vite,

45 1762 176 1816 fico,
207 1777 362 1827 pyro,
384 1759 768 1825 pomorumque
788 1762 986 1814 diversis
1012 1765 1276 1828 generibus
1295 1761 1571 1831 gravida'm.
1672 1767 1791 1820 Irno

44 1823 117 1874 est
145 1825 291 1873 nobis
327 1822 533 1872 Authot
562 1825 589 1871 a
613 1825 790 1879 Porta,
827 1827 977 1875 visam
1009 1830 1036 1877 a
1062 1829 1108 1876 se
1136 1828 1371 1879 arborem
1395 1864 1408 1885 ,
1443 1847 1554 1895 quae
1583 1848 1693 1882 non
1722 1835 1792 1881 di·

42 1886 167 1937 versi
197 1884 394 1934 tantum
425 1888 615 1949 generis
651 1886 835 1934 fructus
863 1892 1156 1951 protulerit,
1179 1892 1260 1939 sed
1289 1895 1337 1941 ὃς
1364 1894 1660 1949 discolores,
1686 1911 1790 1944 ma·

42 1951 173 2009 iores
193 1949 316 1997 alios
332 1980 345 2001 ,
363 1948 488 1996 alios
508 1947 674 1997 odore
701 1947 858 2012 magis
880 1948 1184 2030 psas-stantem
1220 1953 1417 2004 diverfis
1444 1972 1652 2020 quoque
1672 1973 1793 2021 qua-

43 2012 261 2063 litatibus
281 2010 527 2076 praeditos,
550 2009 906 2066 hominum,&
929 2016 1222 2065 animalium
1247 2017 1426 2067 faciem
1450 2022 1790 2084 praeferentes:
1871 2022 1874 2025 ’

42 2077 235 2126 cortice
259 2070 384 2130 vero
402 2072 546 2138 ipsius
562 2073 752 2123 arboris
773 2074 1134 2141 flores,rol{isq3
1154 2084 1581 2144 progerminante.
1648 2084 1792 2150 Qid

40 2136 203 2204 magis
222 2137 474 2186 insolitum
490 2170 502 2191 ,
524 2136 675 2200 quam
696 2138 851 2186 levitas
862 2143 1040 2199 gravis,
1061 2145 1112 2191 &
1137 2143 1249 2188 levis
1264 2147 1499 2202 gravitas?
1544 2151 1592 2198 δε
1614 2158 1786 2198 tamen
1822 2155 1876 2197 Ρ.
1892 2155 2028 2203 Bar-ri

40 2203 179 2252 illam
205 2201 485 2264 expetimus
507 2202 557 2249 in
580 2201 718 2265 ligno
738 2203 966 2263 quodam
987 2201 1108 2252 ficus
1127 2205 1366 2270 AEgyptiae
1380 2240 1392 2261 ,
1414 2210 1557 2271 quod
1573 2212 1623 2259 in
1650 2215 1788 2273 aquis
1819 2215 1862 2259 in
1875 2219 2017 2278 Hagi.

41 2264 179 2314 illico
205 2265 470 2327 mergitum
505 2267 555 2313 ὅ(
579 2264 720 2327 quod
743 2262 810 2312 est
829 2266 1115 2321 mirabilius,
1130 2269 1249 2316 cum
1276 2272 1326 2318 in
1349 2274 1457 2319 imo
1480 2273 1789 2336 aliquamdiu

41 2328 210 2380 latuit,
229 2326 347 2374 inde
368 2325 431 2375 ad
457 2341 596 2388 aquae
619 2326 926 2391 superficiem
946 2330 1105 2379 rursus
1129 2335 1363 2397 emergit,
1383 2335 1592 2398 quando
1617 2338 1790 2387 made·
2073 2366 2076 2369 ⁴

42 2390 232 2439 fastum
251 2389 424 2437 debuit
440 2387 667 2438 humoris
685 2392 911 2454 pondere
929 2397 1234 2457 praegravari.
1302 2398 1448 2447 Hanc
1470 2399 1595 2448 nobi
1694 2417 1788 2452 on·
1818 2407 1916 2466 Jofi
1935 2409 1967 2457 l.
1989 2421 2037 2468 ς,

42 2451 158 2502 strat
176 2451 471 2516 Asphaltites
493 2452 817 2517 lacus,pomis
837 2456 1164 2508 Sodomitieis
1184 2459 1414 2514 celebris
1449 2460 1530 2512 hic
1657 2481 1695 2513 ae
1719 2463 1788 2514 est
1818 2472 1869 2515 de
1890 2473 1997 2521 Bell.

41 2517 265 2570 levitatis,
288 2528 341 2567 ut
359 2517 509 2575 etiam
530 2515 824 2582 gravissima,
839 2522 890 2570 in
915 2534 1035 2568 eum
1054 2521 1269 2586 projesta
1288 2523 1509 2581 fluitents
1543 2535 1638 2578 nec
1658 2529 1780 2589 quis-
1814 2532 1930 2593 ὅκα.
1942 2552 1980 2586 c.
1988 2548 2037 2599 ς,

892 2582 943 2634 D
965 2581 998 2633 d
1564 2603 1725 2652 quam
