2205 2905
699 69 831 121 Atlaes
850 68 1176 133 Philosbphz'cm.
1760 86 1791 132 9

86 153 226 214 stum
253 153 305 210 in
323 150 515 211 infinita
574 154 723 209 unita
744 158 1017 226 discet-pite.
1086 161 1161 208 Ite
1187 156 1395 216 tumidi,
1419 158 1470 213 ὃς
1493 159 1545 213 in
1565 159 1711 221 hujus
1726 176 1853 227 pun.

84 225 151 275 &i
174 224 392 274 minimo
412 237 516 287 pun
568 223 656 273 ulo
676 222 899 274 conclusi
913 256 928 278 ,
953 223 1017 272 de
1046 222 1389 289 pervulganda
1408 223 1544 275 fama
1560 260 1574 280 ,
1600 225 1665 275 de
1685 226 1850 291 profe-

84 286 250 336 rendo
273 289 485 337 nomine
499 289 736 350 cogitate.
807 288 1065 337 Nimirum
1089 286 1314 351 pun&uli
1329 289 1508 339 tantilli
1531 304 1709 338 amore
1727 290 1851 339 Coe-

85 351 195 401 lum
215 349 449 414 spernitis,
471 351 521 398 in
543 353 755 413 gratiam
777 352 1053 405 momenti,
1076 348 1406 401 beatissimam
1423 356 1749 402 aeternitatem
1768 369 1852 401 ne-

122 415 279 477 ligitis.
378 412 461 460 De
478 411 643 462 fraitae
663 410 782 464 acus
802 416 941 479 apice
955 445 968 467 ,
994 413 1057 462 de
1076 412 1194 463 alini
1230 413 1432 469 umbra,
1459 415 1523 463 de
1543 415 1851 467 hircocervis

102 477 294 540 iugatis,
315 476 365 525 ὅ(
387 475 603 526 Coelum
620 477 840 543 perditis.
909 477 1196 542 Sapientior
1214 475 1309 526 hac
1331 480 1383 526 in
1405 493 1458 526 re
1469 479 1690 528 Tullius:
1727 480 1850 543 quid
1873 470 2053 541 Inssvm-

81 535 245 604 potest
260 571 275 593 ,
296 539 484 602 inquit,
505 541 552 588 ei
583 554 833 605 magnum
854 540 1013 591 videri
1036 542 1090 589 in
1113 539 1262 590 rebus
1284 540 1536 597 humanis,
1559 545 1641 591 cui
1659 545 1849 592 aeterni-
1871 535 1982 593 Sap·

80 616 152 651 tas
173 603 342 651 omnis
357 635 370 657 ,
389 600 652 667 totiusque
673 602 861 654 Mundi
884 616 1010 653 nota
1030 602 1440 669 fitmagnitudo?
1474 605 1573 671 ipsa
1600 618 1729 656 terra
1754 608 1847 656 mi-

76 666 129 715 hi
151 679 302 730 parva
323 666 420 716 visa
440 663 537 721 est,
561 679 619 716 ut
643 681 730 716 me
752 667 952 732 Imperii
978 662 1135 715 nostri
1151 699 1165 721 ‚
1191 681 1299 730 quo
1318 667 1455 731 quasi
1474 669 1721 732 punstum
1740 672 1843 729 ejus

75 729 392 792 attingimus,
415 732 703 794 poeniteret.
801 725 1061 794 Religiose
1090 732 1419 781 Ptolemaeus:
1455 732 1537 780 ille
1556 735 1746 796 inquit,
1767 738 1840 784 in·
1863 740 1920 785 In
1933 739 2055 799 praefl

75 804 151 849 ter
170 790 403 843 homines
421 794 570 843 altior
591 790 660 843 est
682 793 893 844 Mundo
908 826 922 850 ,
943 794 1030 857 qui
1058 809 1168 843 non
1186 807 1328 843 curat
1349 796 1400 843 in
1430 796 1568 853 cujus
1594 811 1754 847 manu
1783 797 1840 847 sit
1863 804 2061 864 ,sumag-

75 854 321 905 Mundus.
421 857 567 922 Qid
586 857 687 913 jam
712 856 880 907 dicam
899 857 962 906 de
983 855 1355 921 pulchritudine
1371 858 1519 908 Aulae
1538 858 1682 916 hujus
1700 862 1842 912 Divi-

75 919 182 968 nae?
216 918 320 976 D.J
323 931 531 973 oannes,
549 930 753 984 arrepto
765 920 922 969 veluti
935 919 1158 970 carbone
1169 920 1233 970 ab
1243 921 1461 971 extinsto
1476 923 1657 973 foculo
1670 925 1843 978 ,illam

76 981 347 1036 delineans,
370 983 559 1044 inquit:
595 984 676 1028 haec
692 985 848 1028 civitas
873 999 1025 1030 aurum
1045 986 1272 1036 mundum,
1297 984 1437 1044 simile
1448 988 1568 1033 vitro
1588 989 1767 1041 mundo,
1784 991 1842 1038 &⁸
1862 995 1999 1055 Apoc.

70 1044 352 1104 fundamenta
376 1048 493 1091 muri
515 1047 715 1093 Civitatis
735 1048 850 1092 omni
870 1047 1010 1107 lapide
1023 1047 1208 1106 pretiosi>
1227 1061 1406 1097 ornata:
1440 1051 1656 1097 duodecim
1677 1063 1837 1113 poma,
1862 1074 1898 1105 c.
1916 1072 1997 1110 21,

77 1110 294 1155 duodecim
303 1111 546 1168 margaritae
554 1108 818 1169 persingulaes
831 1127 844 1155 .·
857 1110 1008 1170 platea
1020 1111 1216 1157 civitatis
1226 1127 1378 1158 aarum
1393 1115 1592 1160 mundum
1604 1150 1618 1165 ,
1634 1127 1840 1179 tanquam

74 1173 242 1218 vitrum
247 1172 518 1231 pellucidum.
542 1171 846 1235 Dixit,quod
857 1171 1021 1221 dicere
1031 1174 1199 1238 potuit
1213 1191 1223 1222 ε
1239 1189 1407 1237 neque
1420 1179 1557 1226 enirn
1569 1179 1840 1233 minus,sed

74 1250 170 1284 nec
181 1233 393 1300 amplius
412 1235 533 1297 quid
547 1236 713 1301 potuit
733 1237 1016 1285 enuntiare:
1045 1234 1170 1286 auro
1186 1269 1199 1290 ,
1226 1240 1274 1288 ὅ(
1287 1235 1504 1302 gemmis
1524 1236 1838 1293 aestimationi

72 1297 306 1348 humanae
319 1298 390 1348 nil
436 1298 676 1349 retiofius.
695 1300 835 1354 Haec,
845 1300 1301 1362 inquam‚carb0ne
1315 1300 1581 1354 delineavit
1595 1320 1608 1351 ε
1622 1303 1713 1353 suis
1728 1321 1839 1357 rem

77 1360 337 1411 coloribus
350 1378 376 1410 e
420 1363 677 1426 ulgentem
689 1376 860 1411 cernes
876 1361 1175 1412 Leucothee
1189 1396 1202 1417 ,
1227 1362 1260 1412 s1
1274 1364 1496 1426 domum
1507 1367 1662 1432 ipsam
1673 1371 1836 1419 conti-

72 1426 199 1490 gerit
224 1423 464 1476 habitare.
536 1426 726 1475 Civitas
747 1421 834 1474 ista
852 1440 962 1474 non
984 1440 1010 1473 e
1047 1424 1149 1474 cbit
1166 1426 1287 1476 Sole
1301 1459 1314 1480 ‚
1334 1443 1430 1477 nec
1450 1428 1612 1485 Luna,
1634 1430 1717 1481 sed
1735 1433 1832 1483 cla-

72 1489 188 1537 ritas
213 1487 330 1537 DEI
349 1487 527 1538 cunsta
544 1487 863 1543 illuminabit,
875 1503 998 1537 nam
1035 1504 1218 1539 ucerna
1239 1490 1343 1548 ejus
1362 1488 1433 1540 est
1452 1492 1652 1557 Agnus,
1686 1496 1832 1552 Sunt,

74 1552 161 1615 qui
186 1566 370 1616 corpus
386 1550 635 1615 spirabile,
655 1549 933 1615 auramque
961 1549 1224 1602 coelestem
1252 1553 1322 1602 ibi
1348 1554 1643 1612 admittant,
1674 1573 1832 1622 quam

71 1612 317 1666 attrahere
335 1612 521 1679 postint
541 1615 698 1664 Beati.
797 1614 952 1670 Sunt,
972 1617 1059 1680 qui
1084 1615 1378 1667 admiranda
1398 1619 1601 1684 palatia,
1624 1618 1760 1672 forte
1782 1638 1832 1672 e-

70 1678 194 1726 tiam
215 1688 376 1742 prata,
398 1680 449 1728 δε
477 1692 692 1728 nemora
710 1710 727 1733 ‚
752 1680 971 1728 materiae
998 1680 1327 1746 incorruptae,
1352 1683 1403 1732 ὃς
1433 1681 1575 1750 supra
1602 1700 1831 1750 gemmas

71 1739 323 1807 pretiosae,
341 1740 501 1792 Coelo
523 1742 836 1796 concedant,
864 1756 976 1806 quae
1005 1743 1188 1793 oculos
1215 1744 1556 1797 amoenissima
1590 1751 1828 1805 varietate
1851 1742 2016 1789 ΒΗΜ-

73 1802 347 1853 oblcCtent.
426 1804 558 1854 Illud
584 1816 798 1857 certum,
820 1804 1046 1864 mansiones
1063 1807 1256 1856 ibidem
1310 1808 1542 1866 lurimas,
1568 1813 1618 1862 ὅς
1634 1817 1826 1878 magni·
1847 1806 1956 1851 dim·-

72 1865 422 1921 ficentiffimas,
443 1881 662 1929 quarum
683 1869 865 1916 intuitu
883 1867 1172 1924 fatebimur,
1185 1871 1270 1919 Pal
1292 1871 1424 1920 adias
1454 1885 1612 1923 turres
1638 1874 1733 1925 effe
1751 1877 1823 1926 hi-
1843 1867 2011 1925 «704ηῆ-

72 1930 347 1980 rundinum
381 1929 557 1989 nidos;
598 1931 785 1979 Romae
822 1931 1029 1995 palatia,
1055 1947 1196 1983 mera
1226 1932 1321 1982 esse
1346 1945 1400 1982 tu
1437 1937 1571 1989 urias
1615 1939 1822 2004 Regum
1849 1944 2026 1990 14·v·2·

71 1993 296 2043 Basilicas
314 1992 675 2042 columbarum
704 2007 909 2045 caveas,
928 1995 979 2044 ὅ(
1001 1995 1082 2043 vix
1103 1994 1325 2045 limaceae
1351 2008 1400 2045 te
1445 2015 1482 2047 ae
1496 2032 1511 2052 ,
1538 2015 1604 2050 ne
1624 2001 1791 2053 dicam
1805 2036 1822 2060 ,

72 2057 320 2127 Diogenis
345 2056 489 2106 dolio
508 2055 888 2120 comparandas
987 2058 1108 2107 Hoc
1135 2061 1285 2123 igitur
1310 2060 1651 2114 Domicilium
1677 2066 1827 2123 DEI,
1880 2066 1883 2069 ’

75 2119 262 2174 artificii
294 2120 469 2169 Divini
494 2118 745 2183 specimen
767 2151 782 2175 ‚
809 2120 1093 2185 omnigenae
1125 2122 1397 2188 voluptatis
1435 2126 1586 2176 Sedes
1609 2161 1624 2182 ,
1656 2131 1708 2180 ὃς
1731 2134 1826 2182 im-

75 2183 389 2233 mortalitatis
411 2180 690 2233 beatiffimae
709 2182 958 2233 Paradisus
972 2187 1085 2234 crit:
1106 2187 1156 2234 in
1172 2183 1276 2235 hoc
1299 2186 1563 2239 bonorum
1584 2195 1823 2245 omnium

77 2245 285 2312 affluigus
306 2278 320 2300 ,
353 2241 625 2307 omnisque
657 2247 778 2296 mali
808 2246 1035 2296 exilium:
1080 2245 1165 2297 hic
1191 2249 1356 2300 nullus
1391 2249 1545 2304 hostis
1566 2287 1580 2309 ,
1616 2255 1821 2308 taedium

74 2309 301 2362 nullum,
321 2307 406 2357 ubi
427 2308 507 2359 vel
526 2324 723 2359 nomen
755 2309 954 2360 miseriae
976 2311 1314 2376 ignorabitur:
1350 2313 1434 2365 hic
1453 2317 1680 2369 fruemur
1702 2335 1823 2383 gau-

77 2374 165 2423 dio
183 2371 285 2421 sine
306 2368 492 2421 tristitia
505 2405 518 2426 ,
536 2372 649 2422 luce
676 2372 778 2422 fine
798 2373 1014 2423 tenebris
1027 2408 1038 2429 ,
1058 2374 1259 2425 sanitate
1277 2377 1378 2428 fine
1396 2382 1588 2431 morbo
1600 2415 1615 2436 ,
1636 2381 1824 2434 satieta-

74 2449 127 2486 te
158 2435 260 2485 fine
289 2432 514 2500 fastidio,
534 2435 840 2493 jucunditate
871 2436 975 2489 fine
1007 2439 1194 2490 interm
1231 2443 1371 2492 tione
1390 2476 1405 2498 ,
1434 2445 1693 2510 voluptate
1716 2445 1819 2496 sine

76 2500 277 2555 dolore,
300 2498 534 2550 societate
556 2498 656 2551 fine
672 2499 985 2617 suspiciones3
1001 2501 1162 2567 gloria
1206 2520 1288 2558 ine
1306 2506 1519 2566 invidia,
1546 2506 1694 2621 colglffi
1716 2508 1818 2574 fine

1659 2571 1756 2621 efe-
