2132 2916
631 158 633 160 ‚
683 88 902 151 Speculum
932 60 1166 152 Phyfirum.
1642 101 1732 151 159

54 184 199 235 ratim
226 177 513 232 incedendo
528 211 542 234 ‚
563 179 715 228 etiam
732 179 935 235 lubens,
957 182 1146 246 plantas
1173 192 1420 232 attereret.
1457 237 1461 241 ,
1490 238 1496 241 ,.
1519 181 1620 234 Sed
1639 183 1689 232 &
1707 181 1806 227 edu-

59 249 201 298 catio,
222 256 446 307 praecepta,
471 249 707 289 Parentum
728 259 881 295 mores,
893 246 1221 302 Moderatorptm
1240 245 1452 299 institutio
1476 246 1687 311 persaepe
1706 243 1807 308 spe-

51 306 588 377 culum-exhibentgin'
609 305 867 371 quo'filios
887 309 1272 372 contempleris:
1308 308 1436 357 nam
1453 302 1697 371 eandem,
1726 302 1809 356 vel

52 389 164 422 non
185 369 403 433 multum
423 368 700 429 ablimilcm
719 369 897 432 agendi
919 370 1245 436 methodum,
1263 372 1580 421 consuetudo
1601 371 1692 420 suae
1715 371 1809 417 ini-

54 436 275 501 plantare
307 433 432 499 solet
472 433 677 481 Natu-ra:
700 464 715 484 ,
752 435 803 482 δε
871 443 946 481 uo‘
977 434 1127 494 semel
1160 434 1354 499 imbuta
1394 435 1567 495 recens
1587 431 1809 499 *servabit

58 499 282 548 odorem
311 492 434 543 testa
459 494 573 559 diu,
603 496 763 560 Poeta
788 496 854 543 tei
880 511 923 544 eo
994 497 1675 560 „Fundamentumquoque
1697 496 1809 556 non

56 559 325 609 modicum
354 556 669 623 explorandae
688 557 870 606 indolis
900 559 1025 609 dant‘
1040 558 1163 606 Orbis
1181 561 1312 620 plagae
1327 595 1340 611 ,
1362 560 1443 608 Vel
1468 561 1644 621 climata
1658 558 1809 620 ,jquae

55 623 127 678 ob
154 620 371 673 diversos
389 620 623 670 Siderum
646 619 856 670 influxus
870 654 883 674 ,
914 621 984 670 ob
1004 624 1125 670 aeris
1140 655 1166 683 ⁷⁷
1180 625 1319 685 aquae
1333 655 1346 676 ,
1367 626 1416 673 ὃς
1446 636 1583 685 terrae
1605 621 1810 672 varieta-

51 696 156 735 tem·
181 719 194 740 ,
226 687 398 733 mores
419 700 442 737 ,·
464 678 927 748 propeni'lonesque
961 686 1238 733 hominum
1273 686 1564 748 mirabiliter
1598 684 1805 749 variant.

55 748 395 801 Comoediam‘
415 747 697 794 naturalem
712 758 729 801 ,³
755 748 806 795 in
837 747 942 805 hoc
962 748 1114 796 Orbis
1136 748 1362 802 theatro,
1380 748 1594 797 sicetare
1629 759 1678 795 te
1707 761 1810 794 cre--

56 813 222 865 detes,
255 811 339 870 ubi
359 811 553 859 Natura
580 808 678 873 ipsa
706 806 775 857 est
798 809 1093 859 archimima‘
1112 826 1130 865 ,'
1159 811 1406 873 Astoresm
1443 813 1666 875 omines,
1693 807 1812 868 ejus?-

58 876 175 924 dem
200 874 410 935 quidem
432 874 665 926 Naturae,
688 872 852 927 studiis
873 882 1043 921 tamen
1070 877 1121 923 δε
1144 874 1354 938 linguis,
1369 874 1597 931 moribus
1623 870 1812 925 &affc-

53 937 333 988 Ctionibus,
356 937 502 982 omni
526 950 585 982 ex
608 939 752 998 parte
775 934 1115 984 diversissimis.
1203 939 1337 986 Hinc
1361 939 1536 1000 aliquae
1559 938 1811 986 Nationes

56 1001 168 1050 sunt
195 999 333 1047 bello
355 995 591 1060 insignes,
615 998 717 1045 aliae
741 999 974 1062 ingenio,
997 1001 1180 1048 virtute
1203 1001 1340 1056 ⁴aliae,
1370 1002 1474 1049 aliae
1499 1000 1642 1057 vitiis.
1720 998 1811 1046 Di-

59 1075 240 1112 cuntur
264 1061 505 1118 (aliorum
521 1062 829 1109 Sententiam
848 1060 1373 1126 refero,Pa1·aphrastes
1395 1062 1689 1119 soluthodo,
1702 1075 1812 1108 non

58 1124 258 1176 censor3
296 1125 579 1172 Nationu‘m
603 1123 725 1170 nulli
745 1121 963 1177 infestus,
985 1126 1099 1186 quia
1122 1127 1308 1174 Mundi
1330 1125 1465 1180 civis,
1493 1127 1573 1174 cui
1599 1140 1657 1173 ex
1675 1121 1810 1173 Insti-

57 1190 150 1238 tuti
171 1188 373 1252 placitis,
395 1187 556 1235 Patria
578 1185 780 1248 ubique,
797 1190 845 1236 ἃ
864 1186 1078 1244 nullibi)
1114 1188 1371 1245 dicuntur,
1391 1190 1618 1251 inquam,
1643 1187 1811 1250 Hispa-

59 1255 111 1300 ni
128 1250 362 1315 grandes,
387 1250 635 1314 gravitatis
654 1250 812 1313 pleni,
833 1249 977 1299 vultu
989 1251 1088 1307 sei-ij
1104 1273 1121 1305 ,¹
1137 1247 1359 1308 judiciofi
1375 1283 1387 1305 ,
1406 1253 1458 1299 in
1481 1252 1660 1315 coeptis
1685 1263 1808 1297 con-

60 1311 258 1366 stantes,
272 1313 566 1375 Religionis,
580 1308 858 1374 Gentisque
879 1314 1214 1377 propagandae
1233 1315 1381 1373 avidi,
1393 1316 1441 1362 in
1456 1313 1677 1369 Scientijs
1697 1326 1812 1377 pro-

55 1375 228 1429 fundi,
249 1377 444 1439 Legum
472 1377 523 1432 ὅ(
546 1376 750 1436 Regum
777 1387 1018 1427 amantes,
1042 1377 1188 1439 proni
1215 1376 1278 1424 ad
1297 1389 1617 1430 mercaturas,
1639 1375 1808 1424 hono·

56 1443 120 1490 ris
145 1435 711 1500 aestirnatores,laesaeq'ue
735 1436 1044 1485 authoritatis
1066 1439 1269 1487 ultores.
1305 1477 1316 1485 ,
1339 1440 1514 1488 Gallos
1532 1439 1700 1487 ferunt
1718 1437 1810 1486 hu-

58 1517 241 1552 manos
257 1534 269 1555 ‚
293 1495 565 1562 litterisque
591 1498 976 1549 humanioribus
1011 1501 1235 1556 deditos,
1259 1502 1571 1566 ingeniosos,
1595 1505 1646 1552 &
1672 1501 1809 1549 belli·

58 1568 205 1615 cosos
219 1591 234 1618 ,
253 1563 315 1611 ad
331 1579 469 1612 arma
488 1575 772 1625 promptos,
795 1561 973 1612 vestitu
996 1577 1251 1628 comptos,
1276 1562 1489 1629 gestibus
1507 1565 1666 1619 leves,
1690 1563 1811 1612 fide-

56 1630 126 1680 les
144 1627 363 1691 Regibus
378 1658 392 1679 ,
413 1624 620 1678 affectos
644 1627 850 1689 legibus,
920 1628 1071 1677 Italos
1093 1627 1306 1677 afferunt
1326 1628 1533 1678 callidos
1549 1661 1562 1684 ,
1582 1628 1810 1692 ingenio-

57 1691 162 1745 sos,
185 1689 266 1739 sed
287 1693 338 1741 ὅ(
360 1702 628 1754 promptos
659 1690 719 1738 ad
744 1692 895 1741 itam,
921 1688 1168 1754 quodque
1196 1691 1535 1754 consequitur,
1554 1691 1619 1739 ad
1651 1689 1809 1740 vindi-

56 1755 216 1807 &ams
235 1753 374 1803 cultu
392 1751 674 1806 officiosos,
694 1751 801 1816 plus
829 1752 1033 1809 scholis,
1059 1753 1215 1817 quam
1236 1757 1421 1804 militiae
1446 1754 1668 1803 deditos:
1693 1751 1809 1802 affe-

57 1830 199 1870 runt,
219 1813 363 1879 quod
386 1829 558 1864 ament
586 1828 790 1864 cantum
807 1849 820 1868 ,
844 1819 895 1867 &
925 1818 1039 1865 sales
1054 1850 1066 1871 ,
1085 1833 1143 1865 ac
1173 1820 1225 1866 in
1250 1818 1419 1867 mensa
1449 1817 1695 1867 sueverint
1715 1813 1810 1864 effe.

57 1877 297 1945 frugaless
333 1878 448 1927 hinc
469 1879 562 1926 laeti
584 1880 892 1933 convivunt,
915 1894 1007 1927 nec
1030 1892 1202 1928 tamen
1224 1880 1402 1929 fidunt.
1500 1880 1687 1930 Poloni
1706 1878 1809 1926 lau-

61 1945 267 1996 dantur,
290 1940 347 1990 ut
373 1941 625 2005 generofi,
647 1941 916 1993 nobilitatis
932 1975 945 1996 ‚
978 1942 1279 1992 &libertatis
1308 1955 1558 1996 amantes,
1584 1943 1808 2004 equitan-

58 2006 130 2055 do
159 2006 354 2057 versati,
377 2004 511 2053 vistu
533 2004 670 2058 duri,
689 2006 865 2068 apertis
887 2006 1036 2052 etiam
1060 2005 1197 2055 tediis
1225 2006 1403 2060 securi,
1424 2005 1479 2055 ut
1499 2005 1600 2053 fine
1620 2005 1775 2053 muris
1791 2035 1807 2058 ‚

54 2069 121 2122 sic
145 2068 244 2117 sine
265 2069 407 2118 curis,
507 2068 749 2117 Germani
774 2068 1101 2132 praedicantut
1120 2067 1219 2117 fide
1237 2068 1434 2124 finceri,
1459 2069 1642 2117 artibus
1669 2067 1805 2121 clari,

56 2133 235 2197 asperi,
259 2129 520 2183 laboriosi,
555 2131 606 2178 in
637 2131 773 2179 bello
801 2131 983 2185 fortes,
1011 2130 1073 2178 ad
1101 2147 1284 2195 magna
1315 2134 1443 2187 nati,
1465 2132 1544 2180 sed
1573 2135 1622 2181 ὅ(
1653 2126 1809 2196 potus

56 2207 308 2246 amantes,
328 2208 384 2240 ac
409 2195 712 2242 Nationibus
736 2196 943 2242 externis
960 2227 973 2247 ,
996 2194 1201 2242 Prothei
1225 2197 1277 2244 in
1298 2211 1519 2249 morem,
1543 2195 1636 2243 sese
1658 2187 1805 2243 facile

58 2254 529 2308 accommodantes,
628 2259 686 2306 In
704 2258 948 2306 Gentibus
977 2260 1184 2306 externis
1213 2258 1432 2307 famosus
1464 2256 1533 2307 est
1559 2257 1809 2308 Afiatico·

56 2337 171 2373 tum
198 2321 364 2371 luxus,
389 2317 750 2368 Africanorum
779 2320 999 2384 perfidia,
1024 2321 1455 2371 Americanorum
1474 2323 1715 2370 acerrima
1732 2321 1805 2367 in-

59 2383 189 2433 dolis
211 2381 545 2432 vehementia.
615 2384 853 2433 Montani
875 2384 1106 2432 dicuntur
1124 2385 1300 2449 asperi,-
1325 2385 1586 2434 molliores
1606 2399 1663 2433 ac
1684 2380 1803 2432 defi-

57 2447 145 2496 des
172 2446 397 2494 fcruuur
411 2443 748 2509 Campestres:
784 2448 1026 2497 Maritimi
1051 2450 1098 2497 &
1119 2447 1329 2497 Insulani
1361 2448 1482 2513 saepe
1516 2447 1803 2514 praedones,

60 2510 175 2563 Indi
192 2509 409 2572 mobiles
422 2540 437 2567 ,
457 2509 700 2574 ingenioli
712 2543 728 2569 2
747 2511 929 2576 Magiae
950 2507 1182 2570 studiofi‚
1200 2526 1420 2565 numero
1437 2511 1675 2625 fidentess:
1714 2504 1806 2580 ᾼΓ·

1653 2585 1744 2638 yn}
