2177 2905
406 131 422 163 1
436 116 496 166 82
1018 104 1201 170 Oedipus
1221 105 1432 172 Phyficus.

337 206 479 259 licet,
499 200 581 254 vel
601 197 721 253 ideo
755 197 967 267 speciosa
992 234 1006 257 ‚
1041 199 1187 266 quod
1221 199 1444 268 speciosae
1472 200 1667 268 Virgini
1689 216 1746 252 ex
1766 200 1859 253 asse
1882 201 1998 256 esset
2019 206 2102 257 de-

337 280 476 319 vota.
577 267 723 317 Hanc
744 266 827 315 ille
856 266 1016 316 coluit
1037 267 1259 316 Matrem
1282 298 1295 319 ‚
1328 279 1382 316 ut
1406 267 1491 328 qui
1520 269 1770 317 Naturam
1794 299 1808 323 ‚
1841 269 2102 320 immitem

336 330 468 380 adeo
489 326 558 379 est
577 342 804 395 expertus
824 331 1138 381 Novercam.
1243 329 1470 383 Accidit,
1501 342 1556 379 ut
1574 345 1751 380 coram
1765 330 1964 381 Divinae
1993 334 2105 384 Ma-

338 396 420 443 tris
442 394 688 459 imagine,
708 392 864 442 filialis
891 392 1115 442 eiusdem
1151 391 1354 443 affectus
1379 395 1431 441 in
1461 391 1567 442 haec
1587 392 1740 443 verba
1762 397 2031 457 quondam
2058 411 2106 445 e-

337 469 622 522 rumperet:
642 460 709 505 En
729 461 748 504 l
774 457 958 518 Speciofiz
967 455 1311 518 filiumspurium
1331 491 1344 508 ,
1366 458 1467 520 quia
1487 456 1728 510 monstrum.
1797 458 1973 508 Paucis
1993 474 2101 508 ver-

337 520 409 570 bis
434 519 745 586 paraphrasin
769 517 1007 569 addidere
1032 519 1263 584 lacrymae
1283 553 1298 575 ‚
1332 521 1587 584 energiam
1608 521 1798 585 repetiti
1825 519 2065 586 singultus
2090 539 2103 571 ι

334 581 493 634 audiit
512 584 726 648 benigna
745 584 939 637 Mater,
964 582 1237 647 formaque
1258 582 1427 633 visibili
1455 583 1607 633 solata
1636 580 1704 632 est
1739 584 1975 633 miserum
1999 585 2102 634 Cli·

335 661 525 697 entem.
596 644 711 697 Imo
726 680 740 701 ‚
759 648 875 696 utin
887 645 990 712 spes
1013 646 1247 697 meliores
1268 648 1501 710 erigeret,
1527 648 1731 712 copiam
1751 644 1937 696 affliCto
1951 648 2102 702 fecit,

333 708 570 760 statueret
587 710 686 776 ipse
703 711 900 765 secum,
935 725 998 758 an
1021 711 1193 759 mallet
1217 711 1570 759 membrorum
1597 711 1708 763 usu,
1730 709 1886 772 quam
1915 711 2097 774 ingenii

333 775 526 840 pollere
545 777 797 824 acumine.
900 775 1028 824 Non
1049 773 1134 823 diu
1156 772 1316 822 dubio
1336 772 1429 822 effe
1456 774 1616 823 licuit,
1643 771 2096 836 qnial'hilosopho:

334 839 515 888 maluit
538 853 656 887 cum
678 836 855 887 Doctis
877 836 1038 901 sapere
1058 839 1108 884 in
1130 838 1439 885 nosocomio
1454 868 1466 888 ‚
1482 834 1637 896 quam
1651 849 1770 884 cum
1792 834 2004 883 indoctis
2018 851 2099 884 ve-

332 913 475 967 getus
498 903 667 951 vivere
704 901 756 949 in
784 899 1168 963 morotrophio.
1238 897 1446 946 Dictum
1472 929 1485 949 .
1509 896 1698 946 facturn
1721 914 1731 944 :
1757 896 1820 944 ad
1843 897 2099 948 Palladem

334 963 579 1018 reversus,
599 964 747 1012 aliam
776 964 966 1012 invenit
990 994 1002 1014 ‚
1029 962 1181 1011 &illa
1205 960 1377 1008 alium.
1480 961 1619 1010 Nam
1644 956 1903 1023 obstupuit
1943 973 2100 1009 meta-

331 1026 651 1093 morphosim,
666 1024 785 1074 cum
804 1021 1093 1086 vidit‚quod
1113 1040 1171 1072 ex
1182 1024 1349 1088 priore
1360 1035 1543 1072 trunco
1561 1034 1665 1071 tam
1677 1021 1781 1073 cito
1794 1025 2095 1074 Mercurtus:

333 1090 595 1142 Thersiten
610 1091 800 1154 putavit
823 1119 838 1142 ‚
870 1089 1125 1138 &invenit
1136 1085 1343 1151 Vlyffen
1369 1120 1382 1141 ‚
1409 1090 1496 1150 qui
1517 1089 1567 1136 in
1589 1086 1961 1137 difficultatibus
1974 1087 2102 1136 sum-

330 1158 428 1205 mis
458 1152 664 1202 nesciret
694 1149 1043 1200 difficultatem
1081 1167 1094 1203 3
1126 1153 1212 1214 qui
1237 1149 1569 1216 Philosophia:
1596 1147 1820 1199 monstra
1843 1152 1892 1200 <St
1919 1152 2100 1200 Hirco-

333 1231 512 1267 cervos
533 1228 638 1263 tam
661 1213 776 1264 felix
799 1214 1053 1278 detegeret
1077 1230 1089 1264 3
1118 1216 1201 1263 cni
1222 1213 1345 1262 nihil
1373 1230 1481 1263 non
1503 1214 1678 1274 scitum
1703 1247 1716 1268 ‚
1745 1214 2094 1276 quodcunque

333 1281 524 1329 dictum
541 1276 610 1327 est
631 1276 820 1330 scibile5
840 1280 927 1340 qui
942 1279 992 1326 in
1006 1277 1228 1326 deformi
1251 1278 1411 1339 capite
1431 1277 1744 1326 scientiarum
1757 1279 1993 1326 omnium
2016 1291 2098 1340 ge-

332 1355 463 1394 reret
476 1342 688 1406 encyelo
726 1340 920 1390 aediam.
986 1339 1194 1395 Verbo,
1219 1338 1524 1405 obstupuere
1543 1341 1687 1389 illum
1708 1354 1889 1389 omnes
1911 1371 1925 1393 ,
1961 1342 2100 1389 velut

332 1407 522 1472 Ingenii
548 1422 675 1456 mon
721 1419 834 1455 rum
859 1422 869 1452 :
903 1418 996 1453 nec
1014 1405 1110 1469 ipse
1122 1406 1444 1455 Hermannus
1466 1406 1517 1452 in
1537 1403 1632 1452 sese
1651 1402 1953 1467 agnoscebat
1970 1404 2097 1452 Her-

333 1486 616 1521 mannum:
651 1470 770 1520 hinc
781 1466 1008 1526 beneficii
1032 1483 1262 1523 memor,
1302 1480 1357 1517 ut
1378 1468 1638 1532 Sapientiae
1659 1467 1775 1516 Sedi
1793 1465 2103 1531 persolveret

333 1533 613 1587 Minerval‚
645 1537 770 1584 Tres
791 1531 914 1581 odas
925 1533 1068 1586 Salve,
1088 1534 1137 1582 ὅ(
1161 1534 1265 1579 Ave
1290 1533 1456 1590 Regina
1480 1529 1579 1579 una
1604 1545 1724 1580 curn
1747 1529 1944 1593 hymno
1962 1530 2099 1576 Alma

333 1602 386 1647 in
409 1597 613 1645 laudem
634 1592 883 1660 Magistrae
907 1596 1196 1658 composuit
1224 1627 1237 1648 ‚
1274 1594 1416 1656 quod
1449 1589 1654 1646 coeleste
1690 1595 1853 1642 melos
1878 1596 1930 1642 in
1963 1592 2101 1643 hunc

335 1661 474 1711 diem
496 1659 759 1710 Parthenia
770 1657 919 1706 Odea
929 1659 1144 1710 animat,
1173 1671 1230 1705 ac
1253 1668 1476 1704 exornat.
1547 1656 1693 1719 Qid
1716 1668 1771 1703 tu
1790 1655 1852 1704 ad
1871 1652 1988 1704 ista?

492 1748 691 1801 LEUC:
729 1747 1039 1798 Amatorem
1054 1745 1378 1796 Parthenium
1398 1760 1552 1799 am03
1585 1742 1872 1795 monstrum
1901 1745 2093 1811 Ingenii

333 1816 591 1867 admiror5
627 1811 889 1875 Oedipum
913 1812 968 1860 in
994 1806 1164 1859 nostra
1193 1808 1512 1873 Philosophia
1543 1808 1826 1858 redivivum
1857 1824 2095 1858 veneror.

333 1879 522 1947 Sphinx
544 1870 705 1928 deest,
727 1889 883 1937 quam
901 1886 1072 1922 tamen
1092 1905 1104 1926 ,
1126 1871 1160 1921 s1
1215 1888 1267 1920 er
1285 1885 1333 1919 te
1361 1872 1476 1919 licet
1496 1902 1508 1924 ,
1530 1873 1658 1920 inter
1680 1868 1905 1921 monstra
1923 1871 2097 1922 Philo,-

333 1941 536 2010 sophica
565 1938 837 2003 proferam.
905 1937 1032 1985 Sunt
1052 1935 1178 1985 suaP
1220 1934 1357 1999 yficae
1377 1932 1779 1999 paradoxa‚quae
1791 1934 1910 1984 curn
1924 1950 2085 1999 nuper

336 1999 647 2069 aenigmarica
669 1996 865 2050 cortina
884 2000 1106 2064 legerem
1127 1999 1356 2049 involuta
1370 2029 1383 2051 ,
1407 1995 1731 2061 desperassem
1745 1998 1808 2046 de
1827 1999 1927 2049 vita
1939 2001 2085 2062 Tyro

335 2066 671 2131 Philosophus
686 2062 744 2118 ,fi
764 2060 943 2111 eadem
958 2062 1256 2112 conditione
1279 2094 1292 2116 ‚
1314 2076 1413 2124 qua
1441 2061 1700 2112 Thebanis
1737 2061 1864 2110 olim
1891 2062 2096 2112 viatori-
2170 2070 2172 2072 ’

337 2134 430 2184 bus
454 2166 467 2186 ,
501 2131 707 2179 illorum
749 2125 875 2175 mihi
904 2122 1100 2174 stetisset
1126 2126 1328 2175 solutio.
1428 2125 1489 2174 Et
1508 2127 1623 2189 quia
1647 2121 1937 2190 opportune
1957 2139 2095 2174 nunc

336 2198 602 2258 Oedipum
623 2190 776 2241 offers
793 2223 806 2245 ‚
827 2204 918 2254 age
933 2204 1112 2254 precor
1133 2189 1258 2238 illius
1271 2190 1597 2252 interpretem
1614 2205 1626 2239 ς
1648 2190 1844 2253 placent
1862 2189 2095 2253 aenigma-

337 2272 389 2308 ta
408 2261 554 2311 faeta,
565 2254 833 2321 placebunt
846 2250 1003 2318 magis
1025 2253 1198 2302 soluta.
1235 2254 1405 2299 MEL:
1442 2253 1568 2301 Non
1587 2266 1672 2300 me
1685 2251 2092 2301 habesinvitum:

374 2341 434 2373 ro
458 2319 668 2371 discursu
679 2331 913 2383 propone
933 2314 1092 2382 magis
1115 2315 1286 2367 selecta
1299 2347 1314 2372 ‚
1334 2330 1443 2379 quae
1463 2317 1631 2365 minus
1646 2315 1963 2383 prolixitatis,
1986 2315 2096 2381 plus

337 2338 526 2439 {abent
546 2380 878 2439 jucunditatis,
1270 2387 1273 2392 ’

496 2477 695 2530 LEUC:
742 2476 944 2539 Percipe
969 2474 1377 2545 Philosophicarn
1414 2474 1615 2530 Musam
1643 2508 1658 2534 ‚
1687 2471 2011 2543 primumque
2038 2472 2092 2522 in

337 2543 481 2600 Musa
492 2541 720 2615 Sphingis
732 2540 1011 2591 oraculum.
1949 2598 2021 2653 Est
