2177 2905
670 101 826 161 Hydra
851 99 979 154 nostri
996 99 1230 163 Temporis.
1618 70 1621 73 r
1655 115 1741 162 251

77 192 234 259 quam
256 205 462 245 centum
477 193 714 243 damnata
743 194 863 244 lolia
891 196 1270 260 repullularent:
1314 193 1445 247 adeo
1468 212 1566 246 una
1594 197 1746 246 noete
1770 195 1816 245 se

78 258 436 322 multiplicant,
460 260 510 307 &
542 258 765 306 crescunt
782 257 952 321 fungi!
999 259 1080 307 sed
1112 262 1162 309 ὅ(
1186 256 1285 314 isti,
1317 260 1540 309 Veritate
1562 257 1816 323 Magistra,

80 321 285 375 detecti,
311 323 360 371 &
379 320 733 373 condemnatis
753 320 971 370 Falsitate
1001 318 1124 371 vero
1148 321 1371 371 Pseudo·
1390 322 1692 386 Philosopha
1716 339 1820 372 ma-

79 380 125 433 le
148 383 359 449 defensi,
383 383 516 448 pejus
539 386 855 448 propugnari,
876 384 997 433 dum
1018 384 1235 447 denique
1258 382 1322 434 eo
1343 386 1547 435 vesaniae
1570 387 1820 435 delabere-

81 460 160 495 tur
180 443 422 496 obstinata
445 449 495 494 in
519 448 606 495 suo
630 461 798 495 errore
821 446 1050 501 Haerefis‚
1071 460 1126 496 ut
1145 447 1173 496 a
1203 450 1441 498 Romana
1460 449 1604 503 Sede,
1627 451 1820 499 Verita-

81 512 141 558 tis
161 513 447 574 Interprete,
469 509 530 557 ad
549 510 841 558 Concilium
861 523 1180 574 provocaret,
1195 507 1397 575 peffime
1422 512 1660 563 consulta,
1678 510 1823 574 quod

83 575 227 621 malae
255 571 406 621 causae
438 573 598 636 plures
622 583 814 636 peteret
834 573 1053 631 Judices‚
1070 576 1124 623 v&
1150 574 1462 623 vindicativae
1493 572 1694 633 Justitiae
1718 575 1826 625 Ad—

81 632 349 685 ministros.
425 638 524 685 En!
560 635 716 698 quam
735 637 786 683 in
807 635 1065 699 publicum
1091 637 1335 700 denique,
1355 638 1558 687 Haerefis
1577 639 1825 697 jansenia-

83 714 147 747 na
164 700 406 763 eruperit,
428 714 536 762 quae
561 714 671 748 non
694 698 781 747 nisi
802 702 853 747 in
876 700 1174 757 jesuitarum
1200 701 1351 750 latere
1373 702 1608 758 cerebro,
1633 701 1824 753 aPartis

86 761 294 811 adveriae
315 761 526 826 Ephoris
543 761 871 826 spargebatur.

245 888 428 939 LEUC
492 885 707 937 Statuisti
735 886 851 937 huie
876 885 1114 938 Monstro
1143 889 1494 957 horoscopum
1517 925 1530 947 ‚
1551 896 1637 956 qui
1657 909 1740 942 me
1761 893 1825 943 la-

88 951 182 999 tuit
203 949 455 999 haetenus.
525 951 623 1000 Sed
657 953 765 1015 quis
784 953 874 1000 erit
902 952 1106 1003 Alcides
1130 986 1143 1007 ‚
1173 957 1258 1016 qui
1297 955 1544 1012 ejusmodi
1572 957 1828 1022 Hydram,

89 1013 196 1078 plus
216 1012 369 1076 quarn
389 1015 640 1078 Giganteo
660 1015 850 1063 robore
869 1015 1113 1064 debellet?
1163 1019 1320 1064 MEL:
1349 1020 1500 1067 Hunc
1519 1035 1628 1068 non
1648 1021 1732 1069 alit
1745 1022 1833 1070 Pe-

87 1079 297 1140 ripatus,
317 1077 396 1125 sed
412 1079 711 1140 Prytaneum
736 1079 857 1127 illud
872 1112 883 1131 ‚
904 1079 1047 1141 quod
1066 1079 1297 1128 incolunt
1308 1078 1510 1139 Justini,
1537 1080 1833 1148 &Augusti-

90 1145 156 1188 ni.
225 1139 688 1205 Sil'hilosophicam
710 1140 944 1204 sphaeram
975 1142 1044 1190 fas
1067 1142 1182 1190 esset
1195 1144 1832 1209 transgredi,Augustinum

90 1217 410 1267 opponerem
431 1199 715 1267 Augustino
735 1236 747 1256 ‚
773 1219 949 1253 verum
971 1204 1133 1268 spurio
1156 1239 1168 1259 ,
1188 1205 1521 1267 *Catholicum
1551 1211 1831 1258 Haeretico:

90 1269 145 1316 ὅ(
159 1266 320 1315 nullus
341 1265 517 1315 dubito
535 1299 547 1320 ,
569 1270 689 1329 quin
715 1266 829 1315 huic
847 1268 1030 1330 Hydrae
1052 1269 1299 1317 contundi
1313 1269 1472 1334 posset
1489 1270 1834 1322 monstrosum

93 1341 258 1394 caput.
326 1330 424 1378 Sed
435 1328 722 1394 Philosophi
734 1329 1066 1396 Philosophos
1090 1332 1340 1394 sequimur
1364 1350 1377 1385 3
1415 1332 1648 1391 aJustino
1668 1335 1834 1385 Philo-

95 1392 257 1457 sopho
275 1393 577 1442 Herculeam
590 1406 816 1458 petemus
832 1393 1044 1443 clavam.
1139 1396 1220 1443 De
1242 1393 1345 1444 hoc
1366 1397 1676 1446 Sanffiffimo
1701 1401 1836 1447 Mar-

94 1468 203 1519 tyre
216 1457 439 1503 Annales
453 1456 703 1520 produnt,
727 1455 871 1519 quod
888 1489 900 1510 ‚
937 1454 1051 1506 licet
1073 1457 1404 1522 Philosophus
1420 1493 1432 1513 ‚
1458 1461 1734 1510 Catholicae
1766 1473 1834 1510 ta-

98 1535 218 1566 men
233 1518 362 1566 Fidei
385 1521 888 1567 acerrimuscxtiterit
922 1520 1154 1567 defensor
1174 1554 1185 1572 ‚
1218 1524 1268 1570 ὅ(
1294 1523 1472 1569 vindex
1496 1541 1505 1570 :
1542 1540 1677 1572 nunc
1699 1527 1835 1574 enim

86 1583 233 1632 ‚illam
258 1594 659 1647 propugnaverat
688 1581 871 1634 verbo,
897 1597 1030 1630 nunc
1052 1581 1378 1631 confirmarat
1398 1587 1630 1650 exemplo
1656 1620 1669 1640 ,
1700 1602 1837 1635 nune

99 1642 264 1695 hostes
287 1645 350 1693 fic
374 1644 723 1693 confutaverat
740 1645 918 1707 scripto
934 1677 946 1697 ‚
971 1657 1026 1692 ut
1046 1643 1150 1693 hoe
1176 1647 1243 1694 illi
1270 1643 1561 1696 statueretur
1580 1649 1803 1714 elogium
1825 1683 1837 1703 ‚

101 1709 292 1758 nullam
313 1706 451 1756 fuiffe
477 1707 542 1754 sui
564 1709 804 1770 temporis
840 1706 1041 1755 haeresin
1064 1740 1076 1762 ‚
1112 1722 1264 1770 quam
1298 1709 1496 1759 calamo
1533 1727 1639 1760 non
1675 1713 1840 1761 debel-

103 1769 253 1821 lasset.
322 1773 455 1820 Inter
473 1771 586 1818 alias
612 1769 848 1817 doeh-inae
875 1767 1028 1834 pestes
1047 1803 1060 1823 ,
1097 1771 1350 1820 invaluisse
1381 1785 1500 1821 tune
1529 1775 1738 1838 legimus
1767 1791 1839 1823 er-

100 1849 272 1882 rorem
295 1835 453 1882 illurn,
478 1847 583 1892 quo
604 1832 810 1891 quidam
824 1834 1043 1879 Simonis
1065 1836 1202 1895 Magi
1222 1834 1404 1897 spurius
1419 1837 1678 1901 Pronepos
1700 1838 1838 1886 ausus

104 1893 173 1944 est
193 1896 353 1944 dicere
377 1912 386 1940 ε
424 1895 484 1939 nil
497 1893 584 1948 suis
615 1894 823 1937 hominem
841 1892 946 1952 posse
964 1896 1146 1945 viribus,
1167 1896 1232 1948 [ἑά
1248 1908 1329 1954 per
1341 1897 1474 1951 fialam
1487 1903 1677 1957 gratiam
1698 1904 1840 1946 vince-

106 1975 153 2006 re
174 1993 186 2008 ‚
225 1956 407 2019 efficique
431 1955 615 2002 beatum.
716 1957 815 2003 En!
836 1955 992 2003 thefin
1011 1991 1023 2006 ‚
1046 1957 1181 2011 cujus
1200 1958 1453 2014 Jansenius
1477 1961 1644 2009 infelix
1663 1962 1807 2012 Echo
1823 1981 1837 2010 .·
1871 2010 1873 2013 ,

107 2023 229 2070 dum
256 2020 318 2068 fic
341 2019 553 2082 adauget
576 2019 738 2082 gratiae
760 2020 883 2067 vires
899 2051 910 2071 ‚
936 2031 989 2066 ut
1009 2018 1208 2076 hcmiini
1230 2021 1417 2069 adimat
1447 2023 1742 2073 libertatem.
1779 2028 1841 2075 Et

103 2100 212 2147 quo
234 2096 372 2149 putas
396 2080 749 2146 Philosophico
773 2082 877 2130 telo
897 2083 1264 2146 impugnaverit
1286 2085 1566 2134 doctrinam
1588 2091 1637 2135 in
1650 2089 1844 2153 Peripa-

110 2161 166 2196 to
187 2160 290 2195 tam
313 2145 648 2210 paradoxam?
683 2145 911 2206 nunquid
942 2146 1230 2209 opposuerit
1257 2148 1444 2196 sensum
1470 2164 1803 2200 communem
1826 2185 1841 2206 ‚

108 2206 404 2275 experientia
436 2204 692 2257 manifesta
727 2207 1007 2260 suffultam,
1043 2224 1176 2271 quo,
1212 2213 1362 2259 etiam
1393 2213 1442 2258 in
1476 2209 1599 2261 statu
1636 2216 1840 2264 Natura:

105 2273 266 2338 lapsae,
299 2272 510 2336 plurima
530 2268 998 2333 quotidie-facimus
1028 2304 1040 2323 ,
1078 2287 1185 2334 quae
1219 2286 1385 2322 tamen
1418 2274 1569 2324 libere
1606 2279 1843 2326 omittere

110 2338 428 2401 poteramus?
464 2334 726 2389 objecerit,
756 2334 939 2381 sublata
961 2333 1051 2382 hac
1076 2335 1298 2385 libertate
1319 2369 1330 2388 ,
1357 2337 1735 2388 deliberationes
1765 2340 1843 2389 fo-

112 2415 163 2447 re
183 2399 484 2462 nugatorias,
509 2397 663 2445 futilia
686 2410 923 2461 praeeepta
948 2429 960 2450 ‚
1000 2411 1126 2445 vana
1158 2399 1360 2448 consilia
1385 2434 1396 2453 ,
1432 2403 1593 2449 inania
1614 2405 1839 2466 praemia,

118 2476 266 2523 atque
285 2460 550 2525 supplicia?
585 2458 783 2513 dixerit,
804 2458 867 2508 fic
888 2461 1091 2510 DEUM
1119 2462 1276 2526 ipsum
1307 2462 1695 2512 crudelissimum
1731 2466 1843 2514 fore

113 2527 409 2588 Tyrannum
432 2556 445 2579 ‚
482 2526 531 2573 ὅ(
557 2524 723 2572 omnis
751 2523 1254 2635 peccap<slzruthorem
1282 2527 1296 2573 ἓ
1333 2541 1441 2589 quae
1478 2530 1651 2576 omnia
1670 2526 1851 2640 lquam

1038 2600 1066 2632 2
1620 2593 1665 2642 T
1681 2606 1791 2641 ico-
