2177 2905
81 1918 283 1973 Propert.

381 118 475 165 224
855 102 1258 166 Technophylacc'um
1289 103 1536 166 Phyficum.'

545 194 650 244 Nec
673 195 836 244 minore
855 197 1051 256 prodigio
1079 195 1220 255 amtfit
1243 199 1473 250 scientias,
1500 193 1626 260 qucim
1649 198 1836 258 accepit:

847 262 1009 306 Beatus
1022 294 1036 310 ,
1058 258 1167 322 qubd
1185 258 1334 313 amiſse}
1352 259 1536 307 Scientid

863 323 1114 369 Retinuerit
1133 322 1287 379 fizltem
1310 322 1520 372 Virtutes.

905 426 907 429 Α
1039 383 1133 431 Abi
1157 385 1328 439 Viator,
1389 398 1394 402 '

750 449 812 495 Et
837 463 929 494 cum
952 446 1137 495 Alberto
1152 447 1213 506 fic
1223 448 1373 507 flztage
1393 447 1466 506 effi»
1490 449 1647 501 doctus,

705 513 771 558 Ut
792 515 926 558 etiam
946 510 1134 558 indoc'hts
1171 512 1273 559 Coelo
1295 511 1352 569 fis
1375 513 1485 570 finis
1514 513 1679 569 doctus,

1036 577 1150 635 Qia
1157 573 1341 633 sanctus.

445 688 642 742 LEUC:
711 685 959 737 DoCtrinzi
977 684 1179 752 gemin&
1197 692 1280 737 'me
1298 685 1490 739 instruit
1503 687 1604 738 hoc
1617 689 1911 753 inPeripato
1930 701 2067 752 gran-

318 753 382 801 de
403 753 570 803 Sidus:
609 766 809 816 nempe,
822 750 885 800 lic
906 748 1210 800 studendum
1232 749 1387 800 nostri
1406 755 1646 816 temporis
1666 751 1864 815 Sopho,
1888 764 1942 798 ut
1961 766 2072 800 eva-

320 817 405 864 dat
438 811 652 865 Scientizi
673 816 883 878 Magus,
913 815 1111 863 Virtute
1141 830 1368 877 magnus.
1450 816 1735 874 Utrumque
1765 813 1924 866 doce,
1949 827 2071 860 nam

317 892 490 944 potes:
527 873 698 940 sicque
718 877 880 942 pande
900 879 1080 940 Magiae
1102 877 1244 932 hujus
1264 878 1498 929 armaria,
1519 888 1573 923 ut
1593 877 1720 922 inter
1739 873 1952 939 Phyficae
1982 878 2071 925 mi-

319 957 399 995 ra,
422 954 611 1006 patrare
635 940 819 988 discam
832 940 1102 990 Miracula,
1122 940 1249 985 inter
1269 953 1377 1000 quae
1401 941 1491 988 erit
1515 941 1814 991 maximum,
1833 935 1885 986 ni
1902 938 2069 992 fallor,

317 1003 353 1053 fi
375 1005 560 1053 discam
581 1003 758 1051 dostus
775 1001 920 1050 fimul
939 1000 1060 1055 effe,
1084 1003 1134 1051 &
1152 1000 1357 1050 sandms.
1426 1004 1582 1048 MEL:
1623 1000 1907 1050 Probantur
1932 1013 2072 1056 vota,

317 1070 370 1117 δ(
393 1070 507 1129 quia
526 1081 639 1114 mea
659 1065 831 1118 simul,
857 1079 914 1112 ac
933 1075 1033 1117 tua,
1051 1062 1210 1112 deeffe
1230 1065 1319 1112 illis
1334 1098 1347 1118 ,
1372 1080 1538 1127 neque
1560 1065 1733 1118 velim,
1755 1079 1849 1112 nec
1869 1063 2067 1128 possim.

314 1128 822 1193 Technophylacium
856 1127 957 1175 hoc
976 1127 1260 1192 phyficum,
1282 1126 1315 1176 fi
1337 1128 1497 1182 lubet,
1521 1127 1796 1192 ingredere,
1818 1126 2073 1178 dabitPhi-

314 1193 569 1257 Iosophia,
596 1191 739 1255 quod
760 1193 947 1241 mireris
966 1193 1017 1239 in
1037 1191 1163 1241 Arte
1178 1224 1190 1245 ‚
1214 1203 1269 1239 ut
1287 1191 1572 1256 supremum
1594 1190 1845 1254 agnoscas,
1868 1194 1917 1240 ἃ
1937 1192 2073 1240 colas

315 1255 603 1306 Artificem.
685 1256 782 1304 En!
819 1257 872 1304 in
904 1269 1053 1318 parva
1079 1257 1302 1319 epitome
1332 1270 1518 1318 magna
1545 1256 1697 1303 Orbis
1725 1255 1998 1307 Miracula,
2023 1257 2074 1305 ὅ(

317 1319 506 1368 cunffis
527 1320 781 1369 Miraculis
806 1319 1021 1376 majores
1040 1319 1368 1380 Antiquitatis
1380 1316 1639 1369 Artifice83
1676 1332 1786 1366 non
1805 1316 2076 1366 credebant

316 1383 365 1433 se
389 1380 496 1431 satis
521 1378 793 1447 posteritati
815 1381 927 1431 fore
950 1381 1196 1430 mirabiles
1211 1414 1224 1433 ,
1250 1380 1336 1429 nisi
1360 1381 1674 1430 exhaurirent
1694 1381 1915 1429 Orientis
1935 1396 2075 1445 opes,

322 1448 374 1496 ὅ(
399 1461 526 1510 pene
560 1441 868 1494 destruerent
894 1448 1102 1509 Regna,
1124 1457 1178 1493 ut
1209 1446 1259 1492 in
1282 1447 1469 1508 Regnis
1500 1444 1565 1491 sat
1599 1439 1889 1507 sumptuose
1918 1442 2077 1507 surge-

319 1522 430 1557 rent
461 1509 695 1557 humanae
722 1509 860 1558 Artis
894 1520 1143 1573 portenta.
1265 1510 1360 1556 Hic
1399 1506 1677 1572 Ctaliphon
1716 1508 1864 1554 erexit
1899 1507 2075 1555 Dianae

319 1570 574 1636 Ephefinae
592 1572 887 1635 Templum,
904 1573 1039 1625 cujus
1064 1572 1393 1620 fundamenta
1417 1569 1612 1620 contusi
1640 1569 1901 1623 carbones,
1928 1572 1976 1619 ὅ(
2010 1571 2077 1618 la-

323 1651 398 1683 nae
422 1635 628 1686 vellera,
653 1648 807 1695 quam
836 1647 1040 1681 centum
1060 1636 1233 1695 viginti
1254 1634 1441 1696 septem
1461 1634 1713 1681 columnis
1738 1633 1954 1680 totidem
1978 1635 2076 1682 Re-

324 1712 408 1762 ges
432 1697 727 1745 fulciverant
742 1729 754 1748 ,
778 1699 859 1744 cui
881 1693 1179 1744 exstruendo
1203 1695 1288 1742 etsi
1307 1707 1418 1742 tota
1445 1695 1564 1743 Afia
1595 1710 1805 1742 manum
1833 1695 2075 1743 admove-

324 1763 386 1809 rit
406 1793 418 1813 ,
451 1773 622 1808 tamen
659 1755 771 1823 post
800 1759 1046 1808 ducentos
1076 1760 1250 1820 viginti
1287 1773 1447 1805 annos
1485 1759 1565 1805 vix
1599 1771 1811 1804 manum
1841 1757 2073 1805 ultimam

323 1825 492 1888 potuit
511 1823 804 1870 admovere.
872 1822 946 1870 Ibi
969 1822 1141 1883 viginti
1173 1823 1395 1882 quinque
1418 1820 1596 1868 cubitis
1622 1820 1718 1866 alta
1748 1819 1794 1865 se
1828 1819 1874 1866 se
1906 1820 2075 1868 levant

327 1884 604 1938 Artemiliae
623 1885 913 1937 Mausolaea,
938 1886 1117 1946 quibus
1143 1880 1285 1930 istam
1310 1885 1456 1930 Mors
1480 1879 1725 1946 insculpsit
1745 1881 2072 1946 Epigraphen.

609 1951 714 1996 Nec
737 1947 953 2008 Mausblaez'
978 1948 1099 1991 dives
1129 1949 1318 1992 Fortuna
1335 1945 1557 2004 sepulchri,

675 2012 841 2057 Mortis
862 2010 915 2056 ab
944 2022 1138 2074 extrepcz
1161 2010 1395 2054 conditione
1419 2021 1565 2055 vacat.

325 2076 425 2128 Sed
448 2078 498 2126 &
525 2073 798 2124 Colossum
817 2072 1085 2123 Rhodium
1116 2068 1333 2120 ostendit
1358 2071 1571 2123 Chares,
1595 2073 1732 2129 cujus
1758 2074 1896 2138 digiti
1919 2074 2077 2131 maio·

325 2156 402 2189 res
421 2136 599 2189 statuis,
623 2139 707 2200 qui
732 2139 881 2185 etiam
912 2136 1090 2192 jacens,
1115 2135 1365 2184 Miraculo
1380 2135 1508 2183 Orbi
1535 2134 1674 2183 fuiffe
1700 2136 1892 2186 dicitur.
1933 2139 2076 2195 Jovis

330 2203 586 2266 Olympici
606 2200 928 2250 simulacrum
948 2195 1196 2247 monstrat
1213 2198 1407 2246 Phidias
1422 2231 1434 2252 ,
1451 2211 1504 2246 ut
1522 2198 1706 2254 videas,
1728 2201 1780 2249 in
1802 2200 1904 2249 hoc
1925 2202 2074 2251 DEO

329 2267 398 2314 nil
426 2265 551 2312 boni
575 2262 712 2312 fuisse
732 2275 904 2326 praeter
932 2263 1219 2315 materiam,
1243 2274 1392 2324 atque
1418 2261 1666 2311 Authoris
1688 2278 1917 2313 manum.
2002 2265 2076 2314 Ibi

327 2328 547 2377 visuntur
568 2326 783 2375 Obelisci
801 2326 1014 2389 AEgyptij
1030 2358 1042 2379 ,
1063 2328 1148 2388 qui
1177 2325 1546 2387 quadringentis
1568 2358 1581 2378 ,
1615 2325 1876 2390 ostoginta
1901 2327 2078 2379 cubitis

329 2392 433 2440 alto
457 2392 640 2439 vertice
661 2390 830 2438 Sidera
856 2391 1062 2437 feriunt:
1100 2386 1183 2436 hic
1201 2388 1246 2436 se
1268 2389 1503 2436 'attollunt
1531 2389 1818 2450 Pyramides
1833 2422 1845 2442 ,
1865 2403 1971 2438 tam
1994 2406 2078 2440 va·-

89 2459 303 2505 Herod.in
331 2451 411 2502 stae
431 2453 581 2502 molis
596 2484 608 2505 ,
630 2464 684 2501 ut
695 2453 970 2500 earundem
992 2454 1138 2500 unica
1152 2485 1164 2504 ,
1184 2451 1356 2514 viginti
1377 2453 1515 2498 annis
1539 2454 1619 2499 vix
1642 2451 1770 2500 bene
1789 2452 1948 2501 emita
1964 2486 1976 2507 ,
1999 2465 2076 2503 to-

89 2523 268 2579 Encerp.
331 2530 437 2569 tam
461 2514 729 2567 exhauserit
749 2515 1038 2581 AEgyptum.
1108 2517 1249 2568 Nam
1273 2512 1410 2566 ubixa
1425 2515 1566 2580 Rege
1585 2513 1780 2581 Cleope
1807 2514 2004 2564 tantum
2021 2523 2074 2569 jn

1842 2576 2015 2643 rapha-.
