2177 2905
591 86 994 149 Technophylacium
1017 82 1248 147 Phyficum;
1636 93 1725 140 231

47 189 184 238 tioris
196 186 544 253 Philosophiae,
565 202 621 236 ac
635 186 920 238 Matheseos
932 181 1086 250 opera
1105 218 1118 239 ‚
1153 201 1261 235 non
1281 182 1430 248 semel
1444 181 1675 233 effecerat
1693 212 1707 234 ‚
1741 189 1797 229 ut
1956 181 1967 184 ”

45 251 143 316 ipsa
163 251 364 301 Chloris
384 267 493 300 non
513 251 823 316 dignosceret
840 250 990 299 flores
1009 264 1156 298 veros
1175 248 1202 297 a
1221 248 1367 300 fie‘lis3
1398 260 1452 296 ut
1466 246 1663 296 metalla
1685 258 1794 292 mue
1814 266 1820 271 2

44 316 206 379 girent
219 348 232 369 ,
260 314 505 379 serpentes
515 317 645 370 laenei
667 314 914 363 fibilarent
932 346 946 367 ‚
980 311 1217 361 fimulatae
1237 311 1439 360 avieulae
1454 319 1687 359 canerent
1701 339 1713 360 ¹5
1734 321 1794 354 ae-

43 372 220 441 reique
248 377 482 428 homines
509 380 561 426 in
588 381 701 426 aere
739 379 1121 427 buccinarentur
1149 407 1165 429 ‚
1199 372 1330 424 adeo
1363 386 1416 422 ut
1456 372 1588 437 apud
1612 368 1793 442 rudem

43 440 359 504 plebeculam
380 437 590 491 audierit
608 443 789 505 Magus
812 473 825 495 ‚
854 438 974 489 cum
996 451 1168 488 tamen
1185 453 1295 488 non
1317 436 1433 486 effet
1451 435 1539 487 nisi
1555 429 1793 497 Magister

44 502 304 553 artificialis
315 505 495 569 Magiae
509 538 524 560 ‚
544 520 689 555 verus
706 503 1037 567 Philosophus
1052 535 1065 556 ‚
1086 502 1201 565 quia
1212 501 1418 551 sanetus,
1828 544 1862 590 s
1957 541 1983 587 d

204 567 403 618 LEUC:
469 564 551 618 Est
570 567 673 617 hoc
692 583 876 632 nempe
896 566 1197 626 Cerdonum
1227 561 1434 629 stigma,
1473 575 1524 610 ut
1547 573 1794 626 quaecunque
1859 539 1955 599 ·J¹¹¹
1981 552 2042 589 Μ*

42 633 267 689 ignorant,
298 629 592 691 blasphement.
663 632 821 684 MEL,·
873 628 989 679 Imo
1013 625 1083 676 est
1114 627 1218 677 haec
1245 626 1526 693 sophorum
1545 623 1793 674 charafite-

46 689 227 746 ristica‚
246 691 383 757 poffe
403 693 693 758 suspendere
713 693 900 757 popelli
928 709 1043 746 ora,
1065 694 1115 741 ὃς
1139 691 1318 741 ludum
1347 692 1510 740 facere
1536 687 1789 737 indodtos.

44 756 96 804 Si
121 757 269 804 Melis
293 756 438 820 adipe
467 757 672 820 capillos
697 757 853 805 illinas
886 755 1085 807 Idiotae‚
1110 755 1476 819 expergefaetus
1505 750 1718 817 stupebit
1746 749 1793 799 se

47 834 104 865 ex
125 819 321 876 Juvene
342 834 525 868 canum
540 852 554 874 ‚
573 835 692 869 cum
717 821 874 868 Poe'ta
894 819 1201 866 exclamans:
1239 824 1274 864 0
1300 834 1410 873 nox,
1433 817 1559 880 quc'zm
1583 819 1705 874 longa
1732 830 1792 866 es,

45 896 132 943 quae
147 878 262 938 fhcis
282 898 366 927 una
389 887 551 931 Senem.
652 883 702 931 Si
725 897 935 931 manum
961 882 1046 929 lini
1069 878 1191 929 oleo
1211 877 1671 943 illinas,'liquatum
1691 876 1793 925 sine

47 943 230 992 dolore
251 945 479 994 traetabis
508 945 804 1009 plumbum3
855 940 1197 1008 sulphurisque
1218 944 1409 993 accensi
1433 945 1582 992 fumo
1600 937 1795 991 Thersi-

43 1017 148 1054 tem
171 1005 425 1055 dealbabis
450 1008 761 1072 AEthiopem.
861 1007 959 1056 Sed
983 1008 1092 1068 quis
1110 1009 1160 1053 in
1191 1023 1462 1055 numerum
1482 1018 1632 1069 cogat
1651 1007 1795 1051 innu-

45 1084 184 1118 mera
208 1071 387 1133 Magiae
412 1071 554 1128 hujus
577 1071 931 1135 prodigia‚quae
956 1068 1127 1135 paffim
1146 1070 1367 1119 referunt
1391 1070 1672 1119 curiofioris
1685 1065 1796 1116 Phi-

44 1131 286 1196 losophiae
310 1133 573 1184 Cultores?
609 1134 708 1183 Ars
730 1130 893 1198 potest
911 1133 1157 1197 prolibitu
1178 1147 1371 1181 mutare
1392 1134 1617 1182 colores:
1638 1131 1702 1179 sic
1722 1131 1793 1179 vi·
1966 1141 1967 1145 ’
1998 1175 2024 1187 ,,
2049 1170 2051 1172 .

43 1193 90 1243 sa
112 1195 379 1257 quondam
397 1198 496 1245 lilia
518 1200 652 1261 nigra
667 1199 825 1251 ‚corvi
846 1196 1061 1248 candidi,
1077 1191 1348 1259 Cygnique
1369 1199 1534 1245 corvis
1554 1193 1794 1244 omnibus
1831 1176 2023 1253 {El-stad&

44 1258 313 1322 nigriores:
349 1257 512 1323 potest
531 1262 804 1309 accendere
827 1262 1016 1313 nivem,
1037 1261 1086 1309 ὅ(
1111 1260 1341 1324 glaciem,
1367 1258 1636 1308 efformare
1659 1259 1795 1320 ignes
1829 1244 2005 1315 mhpsm

44 1323 97 1370 in
116 1323 254 1384 aquis
276 1326 533 1378 ardentes,
552 1326 604 1372 in
633 1328 746 1373 aere
771 1324 969 1388 prorsus
997 1325 1256 1371 innoxios:
1302 1320 1465 1388 potest
1497 1321 1721 1375 efficere,
1742 1332 1796 1368 ut
1833 1308 1969 1367 Effll‘·

42 1384 173 1433 surdi
198 1389 471 1452 percipiant
497 1387 772 1440 Musicani,
803 1403 903 1437 ova
935 1387 1205 1435 discurrant
1229 1388 1280 1435 in
1317 1387 1561 1439 orbitam,
1590 1401 1666 1434 res
1689 1383 1795 1433 visae

44 1447 234 1511 absque
266 1451 420 1515 Gygis
444 1452 660 1503 annulo,
692 1452 990 1514 dispareant,
1020 1447 1284 1512 oculisque
1316 1448 1476 1498 subito
1508 1450 1792 1512 eripiantur.
1832 1438 2047 1487 P.Schot-

43 1508 216 1560 Potest
237 1529 357 1561 cum
379 1513 708 1567 Archimede,
724 1530 808 1578 per
825 1514 1018 1577 specula
1037 1510 1265 1566 caustica,
1280 1512 1546 1561 incendere
1570 1508 1797 1561 hostiurn
1862 1515 1948 1550 tus.

44 1573 210 1635 claffes
226 1608 238 1630 ‚
260 1578 410 1625 etiam
432 1575 633 1626 dissitas:
671 1592 756 1641 per
777 1576 1024 1624 mirabiles
1047 1575 1328 1626 machinas,
1355 1578 1404 1625 ὃς
1424 1575 1710 1640 paradoxos
1726 1585 1796 1622 te-

43 1637 218 1686 lorum
239 1639 428 1687 imbres
447 1639 511 1688 fic
535 1638 757 1703 dissipare
775 1640 978 1687 inimica
997 1638 1338 1688 obsidentium
1360 1639 1560 1702 agmina
1577 1672 1590 1692 ,
1615 1650 1667 1687 ut
1684 1652 1796 1686 non

43 1713 222 1750 contra
240 1701 477 1750 homines
490 1735 506 1756 ,
527 1702 609 1751 sed
627 1715 804 1751 contra
825 1703 968 1750 Deos
987 1702 1273 1764 Olympum
1297 1702 1454 1765 ipsum
1478 1701 1797 1766 seimpugna-

43 1777 96 1810 te
118 1760 395 1813 existiment
412 1783 422 1812 z
460 1763 622 1829 potest
638 1799 653 1818 ,
673 1770 873 1829 quamvis
899 1767 1050 1811 molem
1073 1763 1332 1827 quibuslibet
1351 1781 1523 1811 movere
1542 1764 1725 1816 viribus,
1744 1767 1796 1815 ὅ(

44 1827 337 1896 prodigiosae
356 1829 593 1876 troclileae
617 1827 868 1876 beneficio
889 1830 1113 1891 ingentes
1125 1827 1369 1875 attrahere
1394 1830 1642 1876 onerarias
1657 1846 1666 1874 :
1681 1826 1794 1876 imo

41 1894 78 1937 11
98 1901 232 1937 extra
254 1891 515 1938 Tellurem
533 1891 708 1937 locum
727 1889 931 1952 assignes
953 1922 966 1942 ‚
995 1905 1105 1952 quo
1124 1889 1307 1953 pedem
1336 1889 1480 1953 figat,
1503 1891 1658 1955 ipsum
1688 1891 1797 1953 glo-
1832 1925 1914 1968 PP
1936 1921 1980 1968 G
2007 1921 2043 1967 t·

47 1953 173 2000 bum
194 1954 542 2013 Terraqueum
561 1953 684 2001 loco
702 1954 888 2016 poterit
905 1952 1183 2001 dimovere.
1251 1950 1419 2001 Potest
1431 1953 1647 2003 cumillo
1660 1954 1797 2003 Arti-
1826 1955 1928 2041 lens·
1981 1935 2006 1966 a

44 2013 140 2064 fiee
162 2015 345 2071 Tiberii
378 2015 575 2065 Caesaris
597 2018 728 2064 vitro
753 2015 869 2064 dare
885 2016 1179 2080 tempeffjem
1204 2015 1417 2065 flexilem
1440 2049 1452 2070 ‚
1489 2029 1544 2065 ut
1564 2017 1662 2073 jam
1682 2032 1793 2066 non
1911 2018 1922 2030 '

43 2079 237 2142 fragiles
257 2078 458 2143 phialae,
491 2082 543 2127 in
565 2091 750 2127 terram
774 2079 940 2133 allisae,
976 2081 1306 2128 intumescant
1331 2080 1665 2129 solummodo
1689 2113 1703 2135 ‚
1740 2083 1791 2132 δε

43 2142 261 2191 contusae
281 2142 469 2191 malleo
489 2143 904 2207 complanentur3
931 2142 1126 2192 Artifex
1145 2145 1278 2195 mori
1297 2143 1441 2200 juffus
1457 2143 1483 2192 a
1502 2143 1707 2196 Caesare,
1727 2159 1793 2192 ne

44 2209 191 2254 aurea
205 2221 299 2270 prae
316 2206 479 2254 vitreis
492 2205 783 2255 hominibus
797 2206 1042 2254 vilescant.
1058 2204 1226 2257 Potest
1239 2209 1460 2256 lucernas
1473 2207 1711 2255 fabricare
1724 2208 1797 2256 in-

42 2269 408 2332 extinguibiles,
443 2268 628 2318 merito
648 2266 852 2318 illustres
875 2301 888 2322 ,
920 2271 1035 2331 quia
1054 2273 1260 2335 perenni
1293 2271 1481 2319 lumine
1508 2266 1792 2320 illustratas:
1829 2275 2011 2322 l.21.de

45 2331 111 2381 fic
124 2332 374 2380 Africanae
388 2330 611 2381 Ecclefiae
626 2334 826 2381 Lumen
847 2334 1233 2399 inextinguibile,
1244 2330 1552 2398 Augustinus
1564 2330 1693 2382 testis
1708 2331 1794 2390 est,
1828 2339 1919 2387 Civ.
1935 2353 1972 2385 c.
1998 2337 2046 2386 6,

43 2395 303 2443 lucernam
316 2394 559 2451 eiusmodi
582 2397 633 2444 in
659 2395 782 2444 fano
801 2396 1011 2446 Veneris
1040 2397 1166 2446 olim
1195 2400 1472 2452 inventam,
1500 2413 1637 2461 quae,
1669 2399 1792 2448 oleo

35 2472 308 2520 nunquam
325 2458 590 2521 absumpto
605 2491 618 2513 ‚
639 2459 795 2513 mille,
815 2462 864 2510 <Sc
893 2461 1103 2524 amplius
1121 2476 1300 2514 annos,
1319 2460 1646 2525 iugivlumine,
1673 2477 1793 2511 exae-

50 2518 243 2582 quarat.
334 2521 434 2573 Ubi
454 2522 675 2587 adiungit
687 2522 984 2576 Ludovicus
1002 2525 1157 2579 Vives
1171 2541 1197 2582 ,·
1212 2537 1361 2577 eruto
1384 2526 1649 2636 quondacrin
1668 2540 1796 2574 eon--

1626 2600 1721 2640 lto-
