2177 2905
0 0 46 58 2¹³²

732 96 926 146 Ariadne
953 94 1144 161 Phyfica,
1649 97 1734 156 171

4 181 8 185 ¹
67 184 185 240 ideo
203 186 414 253 pictiosa
440 219 454 242 ‚
481 183 625 252 quod
646 186 826 237 virtute
855 185 1137 252 magnetica
1155 201 1382 252 gemmas
1402 187 1462 238 ad
1494 186 1541 237 se
1558 187 1719 237 trahat
1745 187 1811 236 la-

50 263 241 301 tentes·
295 252 564 301 Clementi
581 251 705 304 VII,
726 252 949 316 lapillum
972 251 1162 300 annulo
1181 251 1442 306 inclusum,
1461 251 1599 300 fuiss'e
1622 251 1813 305 ferunt,
1843 230 2017 283 cardam

65 317 116 364 in
139 329 246 377 quo
265 330 411 363 aurea
431 312 660 377 quaedam
686 315 880 363 macula
901 329 1018 362 cum
1044 315 1229 363 Phaebo
1243 317 1437 363 oriente
1454 318 1621 362 oriens
1635 347 1647 366 ‚
1664 317 1713 364 ὃ(
1728 329 1816 362 oc-

30 438 33 441 ,
68 379 238 426 cidens
262 392 380 426 cum
403 377 696 430 occidente,
725 377 788 425 ad
810 376 919 425 solis
936 390 1139 426 motum
1161 377 1254 426 sese
1271 380 1495 441 circumg
1531 377 1668 424 rabat
1683 392 1812 439 quo-

63 441 188 489 tidie
208 441 259 489 in
278 440 465 504 lapillo.
535 442 663 489 Non
683 440 848 488 minus
871 441 1152 489 mirabilem
1171 473 1187 494 ,
1219 442 1409 489 annulo
1431 456 1464 503 q
1574 455 1638 487 ue
1657 440 1812 487 inclu-

69 503 513 556 sum,circumtulit
525 504 634 552 Leo
658 505 704 552 X
719 536 732 556 ,
754 519 872 551 nam
898 519 991 567 pro
1012 507 1152 552 vario
1167 505 1320 552 Lunae
1340 504 1531 552 lumine
1553 501 1578 552 ὲ
1599 503 1811 549 caeruleo
1846 495 1982 543 Rhod.

70 566 238 614 abibat
260 566 311 614 in
329 566 622 615 candidum.
690 566 932 616 Thracius
958 567 1076 631 lapis
1097 564 1226 628 aqua
1246 567 1557 619 accenditur,
1584 566 1811 613 accensus
1844 559 1874 605 l·
1892 574 1928 601 2<
1954 559 1995 605 d·
2018 571 2058 606 1·

68 626 195 677 oleo
213 627 370 677 rursus
389 626 720 692 restinguitur.
806 630 1030 677 Henrico
1063 631 1123 679 Π.
1160 630 1432 679 Galliarum
1458 630 1609 691 Regii,
1642 628 1812 676 Bono·
1846 621 2062 678 Nisi-ld}

72 696 163 740 niae
185 691 409 754 degenti,
439 693 656 757 lapidem
679 708 736 741 ex
760 693 1004 741 Orientali
1026 692 1163 740 India
1179 693 1384 742 allatum
1404 726 1419 747 ,
1444 693 1603 750 aiunt,
1624 686 1818 755 stupen·
1847 682 1990 756 Jwst·
2005 686 2052 729 in

74 754 147 803 do
176 756 366 803 lumine
387 757 732 805 coruscantem
756 788 768 809 ‚
805 770 923 803 nam
945 767 1081 803 totus
1103 757 1254 805 veluti
1275 757 1478 809 ardens,
1508 756 1617 812 luce
1643 757 1718 802 vix
1739 766 1816 801 to·
1851 749 2006 793 admtr·
2072 808 2080 815 ι

76 818 292 871 lei-abili,
329 819 570 866 radiabat:
619 831 756 867 terrae
790 818 852 866 sic
876 831 978 866 erat
1008 821 1269 882 impatiens
1291 852 1304 872 ,
1338 831 1393 868 ut
1432 818 1489 867 ea
1517 828 1818 880 coopertus,
1846 808 1940 869 fOffl
1963 819 2066 867 0·23

75 880 155 929 sua
178 882 352 946 sponte
381 882 604 929 evolaret
622 883 675 928 in
700 883 883 930 altum:
907 881 1092 930 includi
1111 895 1213 930 arte
1236 879 1458 931 humana
1477 897 1582 930 non
1597 891 1818 942 poterat:

74 942 272 992 summa
299 944 351 991 in
374 958 439 992 eo
462 946 642 1009 puritas
663 977 677 999 ‚
703 944 909 993 eximius
931 945 1065 992 nitor
1091 977 1102 996 ,
1131 945 1212 992 sed
1239 944 1395 1009 figura
1424 943 1740 994 inconstans,
1769 944 1822 990 in

79 1018 347 1057 momenta
367 1008 633 1058 mutabilis,
650 1024 742 1056 nec
762 1003 970 1069 impune
999 1020 1195 1070 poterat
1220 1011 1532 1058 contrectari.
1603 1010 1661 1058 Et
1681 1007 1822 1055 Para—

79 1071 251 1132 quaria
278 1084 538 1132 gemmam
570 1071 792 1124 exhibet,
820 1070 1202 1133 (azophylacio
1234 1074 1437 1121 Naturae
1461 1065 1671 1120 mininie
1700 1068 1823 1118 indi-

79 1148 263 1197 gnam,
285 1148 404 1181 nam
423 1133 667 1195 sexaginta
693 1133 890 1182 diversis
912 1133 1129 1183 omnino
1153 1134 1400 1197 elegantiis
1420 1134 1662 1197 superbit;
1692 1131 1826 1180 vide-

83 1211 160 1245 res
184 1198 235 1243 in
254 1197 362 1250 illa,
386 1197 707 1245 adamantem
730 1197 1008 1260 splendere,
1030 1197 1207 1245 rubere
1230 1197 1591 1245 carbunculum
1608 1229 1621 1249 ‚
1641 1194 1832 1244 radiare

83 1256 450 1324 amethystum,
469 1260 724 1308 coruscare
747 1259 1013 1308 rubinum:
1052 1256 1344 1323 stupesceres
1366 1263 1418 1308 in
1436 1261 1581 1308 unica
1608 1271 1830 1323 gemma,

83 1337 251 1390 pomo
268 1324 423 1373 veluti
436 1322 743 1377 Granatenfi,
768 1322 831 1371 sic
853 1321 1022 1371 inlitos
1038 1321 1065 1371 a
1086 1325 1280 1373 Natura
1294 1356 1306 1376 ,
1324 1319 1596 1385 unitosque
1619 1322 1832 1371 uniones

85 1400 286 1439 omnes,
311 1398 366 1434 ut
386 1383 568 1435 metito
591 1391 774 1432 Gemmae
792 1386 1056 1432 admirabilis
1078 1389 1290 1435 nomine
1316 1387 1578 1450 glorietur:
1617 1383 1737 1434 illud
1762 1384 1835 1430 in-

86 1450 227 1513 super
247 1449 396 1498 habet
427 1449 635 1514 prodigii
652 1482 664 1502 ,
696 1447 838 1511 quod
867 1462 1009 1497 tanto
1045 1449 1263 1513 impetu,
1286 1447 1608 1510 tumultuque
1638 1443 1666 1496 ὲ
1695 1459 1834 1495 terrae

88 1513 351 1563 visceribus
374 1525 759 1577 progener-etur,
780 1524 832 1560 ut
861 1511 1051 1559 nubem
1067 1544 1079 1565 ‚
1099 1524 1308 1561 tonante
1336 1513 1495 1569 Jove,
1516 1509 1709 1559 dissilire
1736 1523 1839 1557 cre-

87 1576 256 1638 deres,
282 1590 389 1637 quo
413 1575 540 1624 sono
563 1575 812 1623 admoniti
832 1575 1037 1628 incolae,
1054 1575 1116 1623 ad
1136 1575 1486 1639 reperiendum
1509 1573 1610 1623 hoc
1632 1575 1839 1623 Naturae

87 1638 333 1687 cimelion
352 1639 611 1686 turmatim
618 1638 677 1699 ,se
696 1637 740 1685 se
762 1640 1044 1700 accingunt.
1113 1640 1174 1686 Et
1185 1637 1405 1687 Arcadia
1424 1636 1610 1701 lapides
1627 1636 1842 1686 alit‚non

71 1699 207 1750 -raro
237 1700 530 1749 hominibus
550 1699 889 1766 pretiosiores:
922 1715 1055 1762 quos
1077 1702 1204 1750 inter
1228 1696 1512 1753 Asbeston,
1540 1699 1717 1763 dignus
1739 1696 1843 1745 hoc

93 1766 448 1817 nomine,nam
465 1764 615 1811 semel
632 1763 863 1812 accensus
888 1766 1104 1827 extingui
1123 1766 1310 1826 nequit.
1381 1762 1560 1812 Alium
1580 1757 1844 1813 monstrat,

94 1841 251 1888 quem
273 1825 305 1873 fi
331 1824 477 1888 stupae
506 1827 904 1889 superimponas,
927 1842 1048 1875 mox
1076 1826 1331 1878 accendit,
1356 1838 1505 1886 atque
1526 1824 1841 1872 accenditur:

102 1899 248 1937 notet
277 1888 378 1936 hoc
399 1889 687 1950 symbolum
711 1890 956 1943 juventus
972 1922 984 1937 ,
1005 1885 1157 1949 se'que
1187 1888 1389 1936 noverit
1419 1886 1512 1934 esse
1541 1887 1743 1935 foenum
1760 1917 1772 1938 ,
1791 1886 1846 1934 δε

101 1948 323 2016 stupam,
343 1949 664 1997 occasionem
684 1947 806 1997 vero
839 1949 1075 2010 lapidem,
1099 1949 1315 1998 decisum
1338 1947 1366 1996 a
1384 1961 1520 2012 petra
1542 1949 1769 1997 scandali.

230 2012 427 2063 LEUC:
496 2014 686 2065 Miror,
707 2013 850 2073 quod
873 2013 1066 2060 filentio
1088 2026 1282 2075 premas
1307 2011 1475 2060 annuli
1497 2012 1739 2070 horologum
1756 2010 1845 2069 ᾖα.
1876 2007 2026 2055 Forer.

98 2078 279 2140 spidem,
304 2075 366 2124 fic
384 2072 903 2137 nominatum,'quod
932 2077 1059 2123 intra
1088 2075 1198 2123 vitri
1229 2074 1547 2123 labra-manu
1570 2073 1843 2137 suspensus,
1874 2071 2036 2132 disp-de

106 2142 187 2191 sua
214 2140 389 2204 sponte
417 2137 461 2186 sc
480 2149 714 2191 moveat,
754 2141 804 2188 ὃς
824 2139 1036 2201 repetito
1057 2136 1194 2200 pulsu
1213 2136 1361 2186 horas
1381 2136 1618 2201 significet
1637 2137 1846 2201 parado-
1877 2150 1929 2178 an
1952 2150 1995 2181 n.
2017 2143 2096 2191 23.

101 2219 228 2254 xum
252 2213 570 2250 automaton.
637 2200 875 2250 Probavit
894 2200 994 2249 hoc
1008 2199 1261 2264 horologij
1280 2215 1434 2263 genus
1447 2202 1746 2264 Purpuratus
1769 2201 1851 2249 ali·
1882 2196 2023 2254 Joan.

104 2268 218 2329 quis
241 2266 486 2326 Princeps,
506 2267 556 2311 in
579 2264 808 2328 Peripato
831 2263 1056 2316 celebris,
1079 2278 1140 2311 an
1161 2260 1463 2327 approbarit,
1477 2279 1586 2311 non
1604 2264 1848 2327 comperi.
1884 2261 2005 2317 Lago

109 2330 266 2376 MEL:
337 2326 656 2391 Approbavit
681 2328 748 2375 lat
776 2326 936 2389 longo
959 2338 1216 2389 tempore,
1240 2337 1410 2374 totum
1444 2327 1706 2389 negotium
1729 2325 1852 2374 refe·
1885 2322 2009 2373 Card-

114 2405 225 2440 rens
258 2391 309 2437 in
339 2401 544 2437 motum
568 2389 797 2452 pulsantis
828 2392 1040 2441 arteriae,
1071 2392 1123 2439 in
1140 2388 1370 2438 Siderum
1397 2388 1638 2446 influxus,
1664 2402 1722 2437 ac
1742 2403 1857 2436 cau·

115 2455 184 2503 sas
205 2453 381 2515 Magiae
401 2453 629 2501 naturalis
652 2453 953 2516 incognitas:
990 2451 1070 2500 sed
1093 2467 1143 2500 re
1181 2451 1378 2500 robavit
1393 2483 1407 2504 ,
1427 2451 1635 2515 quando
1662 2465 1860 2514 campa-

120 2516 296 2568 nulam
314 2517 649 2572 vitream‚non
667 2516 936 2581 Hispanicis
950 2512 1134 2571 modo,
1158 2513 1221 2565 ed
1240 2514 1481 2568 &Italicis
1500 2513 1637 2566 horis
1659 2527 1862 2563 accom-

947 2578 1058 2628 Y2
1694 2589 1806 2629 mo·
