2182 2916
710 93 883 157 Coloffm·
901 95 1136 159 *Mysttcaem
1683 100 1740 157 85

50 210 272 265 pomum
293 191 536 245 Sodo'mae
551 222 564 245 ‚
599 190 738 249 cujus
762 189 1038 257 superficies
1062 191 1216 246 ridet,
1241 191 1450 242 nucleus
1470 201 1658 242 moeret
1677 192 1730 241 in
1752 192 1820 240 ci-

56 275 211 310 nere:
246 257 482 308 fimetum
509 256 665 305 niveo
699 255 995 305 conte-stum
1023 255 1206 305 vellere
1234 272 1244 304 :
1281 254 1599 320 sepulchrum
1623 254 1821 304 dealba-

55 324 170 372 tum
189 355 203 377 ‚
239 319 486 385 mephytis
507 315 734 382 stagnans
749 351 762 372 ‚
797 317 976 368 hamus
996 315 1229 370 illecebra
1250 319 1431 373 tectus,
1445 317 1656 368 coluber
1677 318 1819 367 colo-

56 397 191 439 ratus
212 386 264 434 in
289 382 460 433 herba.
514 383 590 433 En
613 383 623 430 Ξ
660 381 782 431 Deae
801 380 945 439 hujus
981 381 1332 449 horoscopum
1354 415 1369 438 ‚
1404 397 1515 446 quae
1543 392 1625 432 tot
1653 378 1708 431 in
1725 379 1822 432 ho-

58 450 197 499 mine
220 458 395 497 motus
419 478 432 500 ‚
466 456 547 494 tot
563 445 616 494 in
640 443 782 494 Orbe
801 447 896 495 ciet
915 446 1175 495 tumultus,

216 509 415 559 LEUC:
452 508 683 559 Utinam!
704 509 755 556 in
769 506 862 556 hac
884 507 1112 572 Phyfica,
1126 509 1170 558 se
1183 504 1343 581 magis
1362 507 1692 574 philosophos
1705 520 1815 573 pro-

57 575 235 624 barent
262 569 553 635 Philosophi
584 603 596 622 ‚
634 568 909 633 meliusque
931 571 1312 634 pulchritudinis
1332 571 1471 621 fluxae
1495 571 1822 636 agnoscerent

60 639 335 689 vanitatem
357 637 365 682 Ε
401 636 557 680 MEL:
574 634 779 683 Utinam
794 631 1111 682 detraherent
1128 635 1289 684 fronti
1309 636 1512 684 inanem
1530 634 1821 688 cuticulam,

61 698 156 766 pro
180 701 189 747 1
226 696 380 760 quam
405 696 639 745 deforme
662 693 797 746 illico
821 693 1226 761 obstupescerent
1262 697 1518 746 scheleton
1538 729 1550 751 ‚
1595 699 1823 746 immane

53 758 374 812 monstrum!
399 760 587 809 caduca
608 791 621 814 ,
641 774 758 808 reor
773 792 785 811 ‚
806 758 870 807 sic
889 759 1037 808 illicia
1055 760 1343 824 spernerent
1362 794 1375 815 ‚
1389 763 1439 811 ὃ(
1464 760 1676 809 meliore
1687 774 1822 814 cam-

63 827 153 874 bio
226 839 286 873 ro
327 819 540 888 peritura
581 855 594 877 ‚
653 821 1080 888 pulchritudinem
1137 836 1415 885 quaererent
1452 822 1823 872 Immortalem.

63 840 357 957 Q-iifcnim
379 886 483 933 haec
506 884 837 933 marcellibilis
859 918 872 939 ‚
907 886 971 934 ad
1000 885 1455 935 immarcessibilem
1475 887 1612 934 illam
1628 918 1641 939 ,
1666 899 1824 948 quam

63 950 303 1000 revelabit
323 949 588 1011 quondam
612 950 660 995 in
690 963 908 1012 corpore
938 949 1114 997 Gloria
1134 950 1355 1000 ?Umbra
1376 946 1444 997 est
1468 967 1480 1001 3
1516 949 1597 996 sed
1619 947 1739 1010 quid
1753 949 1822 995 di·

65 1029 131 1062 co
151 1012 328 1062 umbra
344 1014 358 1059 ?
374 1013 560 1060 vanitas
579 1044 592 1065 2
614 1012 745 1074 lepra
766 1044 778 1064 ,
798 1011 1091 1059 deformitas
1115 1009 1198 1059 est.
1237 1013 1373 1061 Cum
1388 1011 1570 1076 Apelle
1591 1013 1643 1059 in
1660 1018 1822 1060 unum

70 1077 288 1141 ectypon
308 1089 526 1138 congere
547 1106 560 1127 ‚
596 1073 839 1136 quidquid
863 1074 1062 1122 decoris
1081 1077 1132 1122 in
1149 1075 1239 1123 suis
1259 1076 1461 1123 Helenis
1475 1076 1664 1124 Graecia
1677 1107 1691 1130 2
1710 1070 1821 1125 imo

65 1138 312 1203 quidquid
334 1133 597 1187 venustatis
617 1139 669 1184 in
692 1136 781 1184 suis
805 1135 1017 1193 Amasijs
1038 1136 1274 1186 haetenus
1295 1135 1550 1202 obstupuit
1568 1136 1821 1186 Mundus:

66 1203 129 1251 ab
159 1199 361 1264 Aspasia
384 1215 595 1249 aureum
619 1200 853 1262 capillum
879 1229 892 1254 ‚
928 1200 1009 1249 vel
1031 1200 1091 1248 ab
1114 1199 1258 1249 Albo
1281 1199 1347 1249 sic
1377 1212 1639 1264 argenteos
1667 1213 1822 1248 trans-

66 1265 140 1313 fer
159 1266 420 1312 cincinnos
443 1296 455 1316 ,
493 1275 547 1311 ut
570 1261 690 1311 nihil
711 1260 829 1326 fingi
851 1261 997 1326 possit
1019 1265 1340 1312 concinnius:
1363 1263 1425 1311 ab
1440 1259 1677 1326 Augusto
1699 1277 1820 1310 ocu-

69 1330 145 1376 los
170 1339 344 1375 mutua
370 1359 382 1380 ‚
419 1322 445 1374 ὲ
471 1325 649 1388 quibus
678 1359 690 1380 ‚
726 1327 877 1372 veluti
899 1328 1106 1387 gemino
1133 1325 1286 1374 sidere
1306 1359 1320 1380 ‚
1356 1328 1572 1374 emicent
1593 1324 1821 1374 blandio-

68 1407 142 1439 res
162 1388 292 1446 iuxta
315 1401 464 1451 atquc
494 1390 715 1451 puriores
739 1388 1006 1435 illecebrae:
1031 1387 1544 1442 aSabinoJMaximini
1564 1388 1697 1442 filio,
1713 1387 1817 1435 sua-

68 1452 259 1503 vissima
276 1451 414 1501 sume
433 1451 686 1498 labiorum
715 1450 918 1500 corallia
941 1466 952 1496 ι
991 1450 1229 1500 Zenobiae
1258 1451 1428 1499 dentes
1443 1451 1712 1514 deprome,
1733 1449 1823 1510 qui

67 1517 343 1565 eburneam
361 1512 646 1576 conchylen
660 1546 671 1566 ‚
685 1513 904 1562 totidem
923 1516 1196 1578 margaritis
1216 1514 1423 1562 ditatam
1437 1516 1678 1563 referant:
1718 1515 1820 1562 He-

69 1575 339 1644 phestionis
360 1577 524 1627 vultus
559 1576 774 1624 est'orma
797 1607 810 1630 ,
845 1576 1104 1633 Maiestate
1135 1579 1267 1640 regia
1302 1577 1520 1628 celebres
1539 1613 1550 1628 ,
1589 1591 1688 1639 qua
1711 1591 1821 1624 non

71 1642 299 1703 adaequet
317 1638 483 1688 modo
499 1672 512 1694 ,
547 1639 630 1687 sed
658 1641 808 1687 etiam
832 1639 1022 1704 superet
1048 1640 1367 1689 Alexandros
1395 1659 1406 1688 z
1443 1641 1655 1690 Narcissi
1679 1638 1821 1687 ebur-

69 1719 220 1753 neam
241 1703 484 1752 adumbra
513 1702 738 1751 frontem
771 1735 784 1756 ,
819 1704 869 1750 in
897 1718 996 1764 qua
1017 1699 1145 1751 casta
1174 1706 1386 1751 natitent
1408 1704 1509 1752 lilia
1534 1721 1542 1749 :
1580 1703 1715 1766 genis
1738 1701 1822 1749 ad-

70 1768 132 1816 de
154 1766 284 1815 rosas
308 1766 564 1815 Adonidis
588 1783 596 1812 :
634 1767 685 1813 in
699 1756 1047 1814 §emistiffimo
1081 1781 1170 1814 ore
1195 1799 1207 1819 ‚
1244 1767 1381 1815 velut
1412 1768 1462 1814 in
1486 1764 1714 1829 Cynthiae
1747 1766 1821 1811 so-

67 1832 140 1880 lio
161 1863 175 1885 ‚
210 1829 372 1878 sedeat
392 1826 616 1878 venustas
639 1844 652 1879 3
687 1827 866 1876 ridenti
887 1829 1131 1877 arrideant
1149 1844 1354 1878 veneres
1375 1860 1388 1882 2
1425 1828 1684 1877 colludant
1703 1840 1820 1875 toto

67 1895 121 1943 in
145 1894 286 1942 vultu
306 1893 468 1954 gratiae
497 1909 507 1938 τ
545 1893 612 1957 irr,
625 1890 798 1939 habitu
826 1893 1044 1939 emineat
1069 1892 1275 1954 dignitas
1301 1923 1313 1943 ‚
1349 1888 1571 1952 totoque
1602 1904 1822 1954 corpore

71 1955 269 2005 diffusus
313 1953 585 2002 efflorescat
618 1953 797 2001 color:
835 1953 1039 2001 accedat
1067 1954 1348 2017 Cleopatras
1387 1953 1530 2002 suada
1560 1989 1572 2004 ,
1610 1951 1820 2014 tamque

70 2019 286 2067 urbanus
316 2020 367 2065 in
404 2031 535 2066 voce
568 2017 707 2080 lepos
730 2048 743 2069 ,
780 2029 833 2064 ut
859 2018 1008 2064 etiam
1029 2016 1239 2064 Caesares
1267 2017 1494 2064 vulneret
1532 2020 1581 2066 &
1604 2017 1821 2079 Pompe-

73 2082 148 2138 ios
179 2100 192 2130 ·.
225 2094 331 2129 tota
360 2079 577 2142 denique
612 2080 858 2141 Corporis
899 2079 1182 2141 symmetria
1221 2080 1425 2127 accedat
1456 2091 1560 2126 tam
1590 2079 1818 2141 elegans,

75 2156 147 2196 ut,
167 2144 309 2205 quod
323 2145 384 2191 de
399 2142 559 2191 Albio
582 2142 791 2190 Tibullo
807 2175 819 2195 ‚
857 2138 1077 2196 majestas
1099 2145 1146 2191 &
1170 2157 1316 2189 amor
1337 2142 1464 2190 bene
1486 2142 1792 2190 conveniant
1807 2171 1820 2193 ‚

75 2208 125 2256 &
149 2208 199 2253 in
219 2221 316 2253 una
335 2205 444 2253 sede
464 2217 729 2253 morentur
758 2222 771 2257 3
808 2207 857 2254 ὃς
897 2203 1017 2266 quid
1048 2204 1386 2253 emendicatus
1435 2205 1515 2253 hic
1545 2204 1724 2253 formae
1748 2203 1823 2251 fu-

75 2283 162 2317 cus
185 2301 198 2321 ‚
234 2267 296 2316 ad
313 2268 455 2316 illum
477 2268 793 2331 splendorem
809 2300 823 2321 ‚
847 2282 1001 2330 quem
1026 2266 1161 2315 dabit
1182 2268 1398 2331 gloriosa
1419 2267 1683 2331 quondam
1709 2281 1823 2314 ana·

75 2329 245 2380 stasis?
281 2330 377 2378 dixi
406 2347 416 2377 :
454 2330 645 2381 Umbra
673 2327 769 2382 cst,
805 2343 954 2392 atque
977 2329 1289 2379 deformitasr
1333 2332 1391 2379 In
1413 2331 1668 2395 lippientes
1683 2331 1822 2381 Lias‚

76 2393 324 2443 tullientes
345 2393 559 2447 vetulas,
593 2395 646 2441 in
667 2390 936 2443 bustuarias
956 2393 1111 2442 larvas
1146 2393 1331 2442 abeunt
1351 2394 1556 2442 Helenae
1587 2427 1600 2447 ‚
1636 2391 1670 2440 li
1705 2392 1823 2440 huic

76 2458 250 2506 decori
273 2457 380 2517 quis
406 2468 684 2520 comparet.
785 2459 847 2506 Et
872 2468 1042 2504 tamen
1061 2454 1083 2511 <
1101 2454 1194 2520 pro
1208 2456 1482 2505 hominum
1501 2457 1686 2504 sortem
1709 2469 1826 2517 prae-

76 2517 332 2586 posteram
351 2517 489 2579 2'>.&
506 2531 680 2573 tamen
708 2534 937 2574 amamus
955 2518 1168 2636 AEIfopos
1190 2552 1206 2578 ,
1234 2518 1355 2573 cum
1380 2520 1638 2587 aspicimus
1668 2518 1832 2582 Spuri-

1074 2593 1098 2644 3
1682 2594 1771 2632 nas
