2177 2905
853 0 894 23 Ρ

736 113 917 175 Oedz‘ptu
941 108 1131 174 Physica.
1661 119 1751 169 197

67 201 198 251 beat.
275 200 478 254 Eodem
508 200 628 253 teste
658 205 708 253 in
740 218 863 270 agro
895 203 1188 253 Placentino
1219 201 1458 253 effoditur
1483 202 1602 266 lapis
1631 198 1816 250 Alaba-

65 261 220 331 strites
239 298 252 320 ‚
283 270 472 317 mortui
499 266 721 316 hominis
761 267 1026 316 calvariam
1062 268 1296 315 referens.
1395 267 1592 330 Scripto
1620 263 1818 324 reliquit

66 327 409 383 Cardanus,in
421 330 639 393 Onyche
658 331 885 394 quodam
907 328 1204 380 Coloniensi
1226 329 1717 385 duorumjuvenum
1740 340 1816 373 ca·

59 392 180 455 pita,
200 394 250 457 &
267 391 563 457 serpentem,
586 394 788 442 Naturae
819 393 1083 458 penicillo,
1111 390 1324 457 expressa
1356 391 1554 454 spestari
1580 408 1590 437 :
1628 388 1819 436 eodem

60 452 589 504 Authore-marmoris
618 454 832 504 frustum
866 455 1054 505 barbati
1077 455 1199 505 senis
1219 487 1233 509 ,
1267 455 1349 503 seu
1376 454 1514 504 Pauli
1540 454 1687 518 primi
1705 452 1818 500 Ere·

62 518 216 570 mitae,
249 516 495 566 referebat
518 522 743 568 nativum
763 518 1011 584 anpon.
1080 520 1138 569 In
1150 533 1272 582 agro
1286 516 1492 567 Badenfi
1513 515 1715 564 lusorias
1733 511 1820 561 tes-

61 577 187 628 seras
206 583 308 630 erui
323 613 338 634 ,
360 594 545 630 notum
569 578 638 630 est
657 584 808 630 etiam
825 582 983 647 lippis,
1053 584 1110 632 In
1132 584 1317 645 Regno
1329 578 1550 630 Chilenfi
1566 576 1818 642 Jaspidem
1849 558 2011 611 amel-

64 639 297 690 effossum
319 643 542 691 referunt
559 644 785 694 Annales
801 677 814 697 ,
837 647 917 694 cui
937 645 1116 707 Imago
1132 645 1358 708 Deiparae
1382 676 1395 697 ‚
1426 641 1633 691 brachio
1660 639 1821 688 infan-
1850 622 2066 678 Hamm-

61 715 168 752 tem
180 703 437 754 Christum
457 704 701 769 gestantis,
724 706 751 756 a
772 720 947 756 natura
971 703 1227 755 bellissime
1255 706 1492 770 insculpta
1524 704 1715 755 visitur:
1752 701 1817 752 s1c

58 766 111 815 in
132 768 350 830 quadam
378 770 597 818 Peruviae
617 772 743 819 valle
776 770 1086 828 (Petaguelem
1108 767 1266 824 dicia>
1300 765 1529 831 stagnum
1549 764 1618 815 est
1638 767 1817 831 reperi·
1845 754 1987 802 Idem·
2031 807 2040 814 ,

57 844 112 878 re
126 863 140 884 ‚
166 828 383 880 venustis
406 832 647 896 lapidibus
665 833 923 882 visendum
940 867 952 888 ,
972 847 1196 896 quorum
1221 831 1394 907 singuli
1415 833 1573 880 crucis
1596 828 1816 893 effigiem

59 893 111 940 in
136 893 389 957 superficie
412 895 739 958 praeseferunt.
807 896 937 944 Illud
958 899 1145 944 mirum
1169 929 1183 947 ,
1219 895 1364 958 quod
1388 894 1607 943 Achates
1625 926 1638 946 ,
1674 890 1818 957 opifi-

59 956 197 1003 cium
220 955 367 1004 solius
396 959 616 1009 Natum,
645 961 695 1006 in
708 961 857 1023 Regis
879 958 1051 1022 Pyrrhi
1067 959 1257 1007 annulo
1274 958 1574 1023 Apollinem
1596 971 1714 1005 cum
1738 970 1821 1019 cy-

58 1017 225 1071 thara,
243 1019 407 1068 Musas
431 1035 551 1069 cum
571 1021 838 1084 insignibus
855 1022 1061 1085 propriis
1098 1018 1210 1069 scite
1236 1020 1479 1069 effinxerit
1506 1039 1516 1068 :
1553 1020 1585 1069 fi
1608 1033 1818 1069 cantum

62 1081 320 1130 addidisses
345 1086 393 1132 ὅ(
417 1082 597 1131 sonum
616 1117 629 1137 ,
653 1084 813 1132 fuifl'et
833 1081 950 1133 vere
973 1085 1040 1132 ibi
1061 1081 1339 1136 Parnaffus,
1371 1100 1462 1131 nec
1485 1086 1534 1131 in
1554 1098 1704 1147 rupe,
1735 1080 1817 1130 sed

49 1143 284 1209 gemma.
354 1147 475 1195 Haec
501 1148 704 1195 Naturae
735 1144 973 1211 stupenda
1005 1162 1158 1210 opera
1190 1145 1222 1194 fi
1255 1147 1402 1196 Casui
1433 1147 1640 1199 tribuas,
1667 1145 1817 1209 sapies

58 1208 439 1259 Atomismum,
471 1211 522 1260 ὅ(
542 1209 791 1274 insigniter
811 1210 889 1259 vel
914 1209 1014 1258 hoc
1040 1209 1147 1273 ipso
1174 1209 1402 1273 desipies:
1431 1209 1463 1257 si
1483 1211 1708 1257 animam
1737 1205 1820 1255 ad-

62 1267 428 1336 struas,.figurae
449 1271 765 1321 confimilem
784 1306 797 1326 ‚
822 1272 1248 1338 philosophaberis
1272 1273 1334 1320 ad
1365 1271 1556 1321 sensum
1580 1304 1594 1325 ,
1624 1265 1822 1332 dabisqs

63 1336 260 1384 causam
272 1335 482 1399 Phyfico
505 1337 709 1385 Naturae
731 1337 919 1401 scalpro
943 1335 1292 1401 dignissimam.
1363 1337 1433 1385 Ita
1452 1336 1548 1389 illi,
1573 1351 1635 1383 an
1656 1331 1823 1399 potius

61 1398 345 1452 somnient,
367 1415 431 1447 an
454 1398 690 1454 delirent,
719 1401 987 1448 incertum.
1057 1399 1209 1464 Qafi
1223 1396 1348 1449 vero
1370 1413 1427 1447 ex
1442 1397 1704 1448 subtilihac
1718 1411 1824 1445 me-

59 1461 228 1511 thodo
251 1462 510 1526 argutandi
532 1477 639 1510 non
662 1466 763 1527 pari
787 1466 889 1518 jure
914 1463 1184 1511 deduceres
1199 1495 1211 1514 ,
1236 1465 1285 1512 ὃ(
1305 1462 1468 1511 caules
1491 1465 1540 1511 ὅ(
1555 1460 1707 1510 filices
1730 1459 1823 1509 ho-

56 1526 278 1574 minibus
305 1528 558 1589 suppares,
589 1525 652 1573 eo
677 1524 821 1587 quod
841 1525 1051 1590 figuram
1085 1525 1362 1573 humanam
1385 1522 1541 1590 spuria
1572 1540 1680 1573 non
1702 1521 1818 1572 raro

63 1587 381 1637 affestatione
403 1588 726 1653 praeseferant.
796 1591 867 1637 Ita
889 1588 1130 1638 Embricae
1153 1588 1398 1636 eradicata
1425 1585 1494 1636 est
1517 1590 1743 1638 Fraxinum
1765 1588 1818 1635 in
1849 1595 2065 1652 A‚1592.

61 1652 200 1708 cujus
219 1664 403 1701 trunco
427 1649 630 1699 diffesto
657 1654 847 1716 integra
875 1652 1095 1700 militum
1118 1654 1319 1716 agmina
1350 1649 1622 1716 apparuere
1646 1669 1656 1699 :
1690 1665 1819 1700 nuno
1848 1661 1892 1705 in
1906 1659 2005 1706 coll,

61 1715 184 1777 quid
207 1713 623 1779 tympanotribas‚
646 1717 695 1764 &
714 1713 970 1777 signiferos
1006 1714 1079 1763 his
1094 1713 1414 1764 Authoribus
1447 1717 1715 1779 progenuit
1746 1730 1819 1763 ar·
1849 1725 2033 1769 Hieron.

60 1777 194 1827 bor?
230 1779 310 1826 sed
330 1775 493 1826 abeste
525 1774 806 1842 praeposteri
833 1778 1060 1827 Cadmea
1089 1774 1115 1826 ὲ
1141 1774 1285 1842 stirpe
1317 1780 1548 1842 Nepotes
1573 1795 1584 1826 ε
1632 1774 1660 1827 ὲ
1682 1777 1820 1826 silici-

61 1840 154 1889 bus
176 1838 423 1903 prodiistis
455 1873 468 1893 ,
501 1843 587 1902 qui
611 1842 762 1890 filices
786 1840 849 1889 fic
870 1841 1234 1890 transformatis
1256 1843 1307 1888 in
1329 1840 1579 1889 homines.
1628 1837 1819 1890 Abeste

60 1903 214 1953 insani
243 1903 530 1967 AEgyptiaca
552 1904 613 1950 de
628 1903 787 1951 Tribu
801 1902 1008 1950 Affeclae
1024 1935 1036 1956 ‚
1065 1904 1246 1964 quibus
1273 1903 1461 1967 volupe
1483 1919 1654 1968 parem
1678 1903 1818 1953 furo-

60 1981 170 2016 rem
193 1965 380 2020 furere,
411 1965 480 2027 vde
500 1979 607 2027 quo
630 1966 876 2028 Satyricus
898 1974 1142 2025 τ’·Ῥοννιινη,
1172 1967 1228 2013 (9⁹
1250 1968 1351 2026 Cepe
1381 1965 1500 2023 nefas
1528 1967 1696 2013 violare
1723 2001 1738 2018 ,
1767 1983 1817 2012 ac

54 2027 259 2089 ftangere
283 2029 450 2083 morsu.-
488 2028 553 2079 eo
585 2026 729 2092 quod
761 2030 971 2077 Numen
1006 2026 1114 2092 ipsis
1152 2027 1302 2077 ineffe
1334 2029 1623 2078 crederent:
1661 2044 1816 2093 quam
1847 2016 2064 2077 θην-Μ·

57 2093 235 2143 Gentis
253 2093 490 2141 insaniam
504 2092 641 2142 idem
656 2091 750 2156 ipse
769 2090 958 2155 sugillat
975 2106 1083 2139 non
1104 2089 1205 2139 fine
1218 2092 1380 2156 splene
1393 2090 1676 2147 sarcastico,
1691 2093 1814 2144 dum
1847 2086 1939 2128 Sat·
1956 2090 2035 2139 15·

63 2159 131 2207 ait
151 2173 162 2203 ε
200 2160 235 2203 0
255 2156 424 2201 sancias
440 2169 589 2214 gentes
604 2189 619 2209 ‚
639 2155 789 2218 quibus
810 2156 891 2200 haec
914 2154 1137 2211 nascuntur
1158 2157 1202 2200 in
1233 2158 1368 2202 hortis
1399 2155 1600 2202 Numina
1613 2160 1632 2202 ,Ι
1845 2163 1894 2193 v·
1915 2156 1987 2190 10.

191 2218 389 2268 LEUC:
467 2219 658 2268 Sentire
690 2217 917 2266 caudices
954 2217 1299 2281 paradoxum3
1340 2221 1547 2268 animari
1572 2221 1676 2270 saxa
1704 2254 1719 2276 ,
1747 2225 1817 2274 vi.

60 2295 165 2333 tam
191 2284 360 2331 vivere
385 2281 571 2345 lapides
595 2314 610 2336 ‚
640 2278 925 2331 monstrum
957 2278 1058 2328 est.-
1098 2281 1178 2330 sed
1214 2282 1435 2330 necdum
1459 2284 1557 2330 tale
1582 2317 1594 2337 ,
1623 2297 1678 2333 ut
1706 2302 1817 2337 non

60 2342 391 2397 monstrosius
411 2344 698 2407 quidpiam,
726 2341 753 2394 ὲ
775 2342 987 2408 Phyficae
1013 2344 1210 2393 latebris
1241 2344 1705 2412 producantSophi.
1741 2350 1816 2400 A·

0 2471 3 2474 ,
60 2407 163 2458 deo
183 2408 349 2456 faciles
370 2407 479 2457 sunt
501 2409 740 2462 abortus,
763 2406 882 2457 cum
910 2409 1203 2472 concipiunt
1235 2421 1419 2457 emotae
1454 2414 1632 2459 mentis
1662 2412 1814 2475 phan-

60 2472 267 2521 tasmata
285 2487 298 2523 ς
318 2470 437 2519 cum
460 2471 648 2521 foetum
668 2473 893 2520 nutriunt
912 2471 1141 2519 cerebelli
1159 2487 1265 2523 non
1279 2472 1472 2522 excocti
1485 2474 1675 2523 deliria:
1697 2474 1818 2526 cum

60 2536 264 2592 Patrem
282 2533 331 2588 se
355 2532 508 2589 offert
529 2549 684 2594 error,
704 2536 947 2651 Matreng⁸3
969 2534 1236 2596 quodlibet
1254 2534 1496 2592 sentiendi
1515 2537 1691 2591 libido.
1743 2540 1820 2591 En

975 2612 1003 2651 c
1036 2611 1062 2660 3
1608 2614 1760 2651 mon-
