2132 2916
720 85 901 146 Virgula
925 87 1144 149 Morphea
1647 103 1665 136 1
1676 102 1736 150 27

57 192 181 241 culo
208 188 307 255 ipsa
337 199 548 253 quoque
579 184 777 243 obieeta
807 185 1071 252 praesentia.
1153 186 1388 234 Communis
1419 182 1602 237 merito
1637 187 1800 253 appel-

57 254 204 308 latur,
219 249 284 302 eo
308 247 453 315 quod
484 265 767 299 commune
792 250 949 299 veluti
977 259 1210 304 centrum
1231 246 1316 302 fit,
1339 248 1402 298 ad
1431 251 1575 313 quod
1593 250 1801 315 species,

55 312 391 366 sensationum
424 314 614 362 vicariae
637 345 651 367 ‚
681 312 975 366 confluunt,
995 326 1211 374 quarum
1240 314 1500 368 varietate,
1523 316 1575 365 &
1596 315 1700 379 ipsa
1733 314 1803 363 di-

55 380 233 428 scernit
258 375 484 425 sensuum
507 375 819 425 diversorum
842 375 1054 432 obieeta·
1087 380 1090 382 ’
1157 373 1259 424 ado
1275 408 1289 429 ,
1320 377 1525 439 ponitur
1546 376 1800 436 Phantasm,

56 457 169 505 quae
192 440 444 506 potentia,
470 439 624 488 veluti
654 437 817 486 i'edula
842 440 1002 486 nutrix
1026 473 1038 489 ,
1071 436 1257 486 relictas
1288 439 1578 493 conservat,
1599 438 1626 487 a
1656 440 1804 488 sensa-
1844 458 1850 461 *

56 507 198 553 tione
221 497 462 567 praeterita
482 501 687 565 species,
706 514 923 562 quarum
958 498 1112 565 opera
1138 502 1344 565 percipit
1371 517 1448 549 rcs
1478 516 1687 564 quoque
1719 503 1802 550 ab·

54 567 209 628 senftes
222 582 235 617 3
273 568 321 614 ὅ(
341 576 494 627 prout
518 563 604 612 has
634 563 836 627 species,
859 579 951 627 pro
971 566 1138 611 innata
1157 562 1381 618 levitate,
1402 580 1509 612 non
1534 563 1647 614 raro
1667 567 1803 629 incp-

58 624 109 677 τὲ
136 627 425 680 combinat,
465 625 492 674 a
512 628 737 690 Stagirita
770 629 1029 684 Imaginatio
1059 638 1391 690 nuncupatur.
1478 630 1610 677 Huic
1640 627 1799 677 affinis

55 687 126 740 est
146 692 380 743 Memoria,
396 704 505 752 quae
525 690 716 753 speciali
737 700 907 737 tamen
930 688 1097 736 modo
1111 720 1124 742 ‚
1146 690 1197 736 in
1217 689 1411 746 objecta
1430 691 1604 744 tendit,
1626 690 1681 740 ut
1699 693 1801 748 jam

54 755 319 818 praeterita:
356 754 408 800 in
429 752 640 800 homine
661 752 799 801 subin
819 753 1016 800 excitari
1041 752 1164 800 solet
1187 752 1414 808 discursu,
1429 757 1478 803 ὅ(
1497 766 1618 803 tunc
1639 754 1804 804 induit

52 815 355 865 nobiliorem
378 826 625 869 naturam,
641 818 756 877 quia
779 814 1093 879 spiritualem,
1114 817 1163 864 ὃς
1181 815 1329 864 titulo
1344 816 1673 873 Reminzfcentiae
1693 817 1803 881 glo-

55 881 222 927 riatur.
291 880 483 944 Quarta
503 881 728 942 potentia
747 877 809 926 ab
823 878 1075 940 Angelico
1097 878 1273 927 dicitur
1289 877 1552 932 aestimativa,
1569 894 1677 942 quae
1697 895 1802 944 pcr-

51 943 169 1004 cipit
189 940 306 1006 ipsas
328 955 536 1002 quoque
555 943 865 992 memnones,
889 941 1079 994 futura,
1102 944 1370 1006 praeterita‚
1394 943 1518 991 nulli
1545 942 1697 992 sensui
1722 959 1801 991 ex-

52 1016 200 1052 terno
224 1003 586 1067 perceptibilia:
623 979 727 1051 ssaec
741 1019 798 1050 cx
820 1002 994 1051 officio
1009 1007 1250 1068 proponit
1273 1007 1701 1059 convenientiam,
1716 1017 1801 1054 aut

55 1064 549 1114 disconvenientiam
572 1082 767 1119 rerum,
791 1078 845 1113 ut
869 1070 1135 1130 appetitus,
1161 1069 1332 1130 aliquo
1363 1069 1557 1122 modo,
1580 1069 1683 1118 hoc
1715 1070 1799 1117 eli-

53 1141 160 1192 gat,
186 1131 235 1178 <Sc
257 1127 380 1176 illud
402 1128 618 1191 respuat,
638 1128 740 1177 hoc
763 1129 942 1192 fugi-at,
970 1129 1019 1177 id
1045 1130 1386 1193 prosequatur.
1485 1133 1568 1181 De
1593 1132 1685 1180 hac
1705 1146 1797 1195 po-

50 1193 202 1239 tentia
225 1190 555 1255 Philosophiae
578 1191 838 1239 tribunalia
870 1189 1204 1256 perstrepunt,
1231 1196 1280 1243 ὃς
1303 1196 1582 1243 etiamnum
1614 1194 1702 1244 stib
1725 1194 1796 1253 ju-

54 1252 162 1302 dice
189 1255 244 1301 lis
270 1250 337 1300 est
353 1287 364 1302 ‚
386 1268 542 1315 quam
568 1254 921 1318 alibifplutibns
944 1255 1249 1317 decidemus.

209 1317 406 1367 LEUC:
446 1314 811 1381 Injecistf‘prius
849 1319 1168 1366 mentionem
1202 1319 1264 1366 de
1291 1322 1506 1384 Organo
1533 1319 1696 1371 sensus
1722 1322 1797 1369 in·-

54 1379 213 1428 terni:
249 1379 392 1432 huic,
417 1376 470 1426 ni
491 1379 665 1433 fallor,
702 1379 868 1426 sedem
905 1382 956 1426 iu
979 1381 1133 1427 corde
1166 1381 1269 1428 fixit
1289 1383 1654 1449 Philosophus:
1691 1383 1795 1432 hoc

49 1441 368 1490 domicilium
394 1443 503 1502 quis
533 1454 725 1490 mutare
743 1441 1026 1505 praesumat?
1094 1445 1249 1489 MEL:
1316 1447 1535 1495 Facultas
1565 1448 1790 1500 medica,

48 1519 159 1565 quae
185 1519 291 1552 uno
322 1519 413 1551 ore
443 1505 681 1552 reclamat
710 1535 724 1558 ‚-
758 1520 944 1553 vocem
966 1507 1198 1569 Principis
1229 1507 1407 1557 Galeni
1435 1511 1637 1572 sequuta
1662 1528 1672 1557 ;
1709 1509 1792 1558 hic

47 1568 172 1615 dum
192 1562 418 1614 stabilem
438 1568 491 1614 in
515 1567 722 1616 cerebro
744 1566 908 1616 sedem
943 1568 1096 1617 sensui
1112 1571 1314 1619 interno
1338 1570 1565 1636 allignat‚
1601 1571 1792 1622 clarissi—

44 1631 138 1688 mis
158 1630 502 1692 experimentis
522 1628 833 1688 demonstrat
854 1664 867 1684 ‚
904 1633 1163 1681 veritatem
1186 1635 1237 1681 in
1265 1633 1555 1699 Philosophi
1581 1635 1790 1686 cerebro

44 1706 153 1739 non
172 1691 363 1756 semper
394 1688 618 1741 stabilem
650 1692 798 1742 fixiss'e
833 1693 1018 1742 sedem.
1120 1697 1181 1744 Et
1210 1700 1440 1759 nunquid
1470 1699 1791 1749 somniorum

43 1753 380 1819 phantasmata
394 1758 672 1820 experimur
693 1759 744 1805 in
766 1759 953 1820 capite?
987 1760 1038 1806 in
1060 1773 1165 1821 quo
1184 1758 1218 1807 si
1240 1761 1357 1823 liges
1378 1762 1566 1812 cerebri
1586 1777 1789 1812 nervos,

43 1816 239 1865 cessabit
262 1834 272 1864 :
308 1816 343 1865 ss
365 1819 483 1882 liges
503 1819 668 1867 cordis
690 1824 886 1868 arterias
909 1854 921 1873 ,
958 1823 1109 1868 etiam
1131 1821 1340 1871 ccffante
1362 1826 1500 1888 pulsu
1531 1858 1544 1879 ‚
1567 1841 1674 1873 non
1694 1824 1790 1872 ces-

40 1878 159 1927 sabit
181 1878 338 1928 sensus
357 1882 596 1930 internus,
661 1883 913 1931 8111181013
932 1886 1077 1944 igitur
1099 1886 1288 1932 cerebri
1311 1885 1610 1948 aptiffimum
1627 1884 1789 1935 sensus

43 1945 333 1991 communis
352 1940 422 1990 est
439 1943 754 1999 domicilium
773 1975 786 1999 ,
802 1947 917 2007 quia
935 1946 1187 2010 spirituum
1211 1950 1416 2009 genitrix
1440 1981 1452 2001 ‚
1489 1947 1789 1999 nervorum·

48 2018 146 2065 que
171 2008 353 2069 origo.-
386 2021 476 2070 per
497 2022 628 2070 quos
656 2007 794 2056 ficuti
814 2009 1000 2072 spiritus
1029 2008 1264 2056 animales
1291 2011 1353 2058 ad
1385 2011 1541 2059 sensus
1568 2012 1788 2076 lingulos

45 2065 358 2117 devehuntur
376 2100 389 2122 ‚
425 2070 492 2117 ita
512 2073 829 2120 commercio
861 2084 1044 2119 mutuo
1070 2103 1085 2122 2
1120 2069 1450 2122 tentationum
1474 2088 1790 2124 externarum

40 2128 243 2193 species,
280 2130 344 2179 ad
367 2130 556 2181 sensum
579 2149 940 2185 communem,
955 2134 1108 2182 veluti
1126 2147 1374 2190 centrum,
1394 2135 1628 2187 facillime
1647 2154 1786 2188 reve-

43 2190 248 2240 huntur.
316 2193 569 2244 Caeterum
593 2213 651 2244 ex
684 2197 772 2245 illo
803 2198 1069 2245 Medicinae
1099 2196 1459 2261 phoenomeno
1495 2233 1508 2255 ,
1545 2216 1651 2263 quo
1686 2218 1786 2252 una

32 2253 223 2302 cerebri
245 2267 409 2318 parte,
444 2255 578 2307 forte
608 2256 822 2308 fortuito
848 2260 978 2312 laesa,
1000 2274 1097 2307 una
1117 2259 1450 2312 solummodo
1470 2264 1662 2314 laeditur
1684 2265 1788 2314 sen-

36 2315 115 2366 sus
133 2319 312 2365 interni
340 2317 562 2375 functio,
582 2334 776 2371 certum
801 2319 869 2371 est
887 2356 899 2376 ,
934 2325 1158 2371 internos
1180 2323 1337 2373 sensus
1365 2341 1475 2374 non
1492 2328 1712 2377 eundem
1732 2330 1785 2376 in

40 2380 251 2430 cerebro
273 2379 454 2430 habere
482 2382 661 2433 situm:
698 2385 780 2435 sed
807 2386 1008 2448 qualem
1036 2384 1266 2441 habeant,
1286 2389 1534 2440 incertum
1550 2407 1564 2443 5
1599 2391 1787 2440 divinet

38 2441 491 2507 Apollo‚fipotest.
544 2449 753 2498 Maurus
772 2446 964 2497 sensum
985 2463 1322 2499 communem
1344 2451 1481 2501 locat
1508 2456 1561 2502 in
1580 2454 1776 2503 fronte:

41 2505 285 2559 conclave
310 2509 513 2565 hiterius
541 2508 837 2567 aestimativae
867 2509 1069 2577 assignat
1093 2515 1330 2578 potentia:
1355 2532 1365 2564 ;
1401 2516 1665 2629 phantasiae
1695 2516 1779 2566 dat

1496 2591 1715 2645 ynciput>
