2132 2916
144 154 147 156 ι
754 92 936 158 Virgulae
948 113 951 116 ·
963 93 1184 161 Morphez‘.
1695 113 1717 147 ι
1729 113 1751 159 3
1761 113 1784 148 t

93 189 325 240 interno:
361 187 480 238 hine
504 186 557 237 in
577 186 737 252 eapite
759 201 1066 240 coacervant
1094 190 1325 255 pituitam
1342 221 1357 246 ,
1381 200 1491 256 quae
1509 186 1623 241 solis
1645 186 1763 242 aestu
1778 187 1856 240 so·

94 252 201 304 luta
229 251 430 307 defluit,
446 246 738 314 somnoque
758 263 895 317 parat
915 264 1139 318 patentes
1165 253 1344 304 aditus,
1520 302 1527 310 ,
1791 311 1793 314 v

226 315 425 368 LEUC:
490 314 763 379 Supetfiant
790 315 908 370 alia,
927 331 1037 379 quae
1059 316 1370 368 dormiendo
1399 318 1640 382 equidem
1671 316 1856 373 sentio,

95 379 358 445 vigilando
383 393 494 428 non
521 379 667 442 capio
683 411 696 432 ‚
724 379 894 427 infelix
919 379 1280 445 Philosophus,
1307 382 1393 444 qui
1420 382 1564 445 quod
1592 379 1857 431 stertendo

94 454 324 509 expertus
343 442 445 496 scit,
461 441 828 507 expergefa&us
848 441 1257 509 philosophando
1275 445 1491 509 ignorat.
1559 445 1682 494 Edic
1695 446 1859 498 enim,

95 522 186 556 our
203 505 409 556 somnus
432 507 621 570 primus
641 501 710 553 est
731 504 943 554 arffior?
979 509 1136 556 curin
1156 507 1309 557 latere
1325 509 1506 557 dextro
1529 505 1600 556 est
1624 507 1852 558 suavior?

95 584 186 618 cur
207 570 483 618 matutinus
502 568 804 626 jucundior?
838 584 928 617 cur
953 570 1281 634 vespertinus,
1302 570 1413 621 imo
1445 571 1663 622 diurnus-
1679 572 1850 623 omnis

93 629 390 682 molestior?
454 634 611 679 MEL:
679 633 816 683 Rem
835 630 967 681 habe
983 635 1176 698 paucis:
1196 634 1263 683 ad
1285 635 1453 685 somni
1470 636 1608 685 initia
1627 634 1852 684 abundat

89 695 302 751 humor,
323 697 410 760 qui
432 693 684 761 copiosius
709 694 879 746 calore
904 698 1074 761 primo
1099 696 1329 762 exspirat:
1366 697 1486 748 hinc
1506 698 1748 763 paulatim
1768 697 1852 746 ab·

93 761 318 825 sumptus
332 793 345 815 ‚
371 759 613 808 somnum
640 760 797 827 gignit
816 758 1123 810 liberiorem.
1192 761 1307 810 Pars
1326 774 1500 811 autem
1519 761 1721 810 dextera
1741 760 1854 810 Phi-

94 821 316 889 losopho
337 819 406 871 est
426 820 599 872 motus
618 823 920 887 principium
933 856 946 878 ‚
966 822 1084 874 hinc
1107 826 1222 887 quia
1234 840 1322 891 per
1341 825 1479 875 diem
1503 825 1736 889 fatigatur
1757 823 1853 873 fre·
1886 815 2022 866 Prob·
2065 838 2073 845 ·

95 886 354 950 quentius,
374 887 532 936 noitu
562 885 765 948 quiescit
788 887 941 934 etiam
964 886 1173 937 suavius,
1273 889 1512 953 Denique
1538 887 1663 939 sicut
1689 889 1853 938 orien-
1876 880 2039 939 sest-6·

95 953 156 1004 tis
182 949 365 1000 Phoebi
395 946 618 1000 anastasis
641 982 653 1003 ,
682 950 923 1013 propiore
953 950 1124 1006 radio,
1145 948 1173 1001 ὲ
1202 963 1332 1002 terra
1356 967 1597 1018 vapores,
1620 953 1688 1001 ita
1715 954 1766 1003 ὅ(
1792 966 1851 1001 ex
1887 945 2104 1010 q·6·&7⁴'

95 1028 316 1079 corpore
339 1012 570 1063 humano
598 1011 905 1077 soporiferos
939 1015 1117 1064 excitat
1144 1013 1352 1070 halitus,
1377 1017 1462 1079 qui
1492 1012 1666 1066 denuo
1701 1027 1852 1080 caput

97 1076 426 1130 obnubilant,
455 1079 504 1128 ὅ(
534 1076 598 1125 ad
626 1075 874 1144 placidam
903 1079 1128 1139 quietem
1157 1080 1386 1128 invitant.
1450 1126 1451 1129 ,
1486 1077 1686 1129 Contra
1718 1094 1852 1128 rece-

94 1140 246 1189 dente
278 1140 405 1190 sole,
441 1140 597 1188 innati
626 1139 805 1187 caloris
835 1141 1071 1194 nutritio,
1098 1140 1206 1205 plus
1236 1154 1429 1192 nocent
1460 1144 1638 1192 omnia
1665 1144 1847 1191 noxia:

95 1203 218 1266 quid
240 1200 363 1268 ergo
388 1204 578 1251 mirum
592 1235 604 1256 ,
624 1201 657 1249 fi
674 1235 686 1256 ,
708 1200 828 1250 cum
847 1203 1229 1266 importunitate
1246 1208 1492 1271 temporis
1511 1216 1697 1257 noceat
1716 1204 1850 1257 som·

92 1282 187 1319 nus
208 1269 377 1316 omnis
397 1266 604 1317 diurnus
616 1298 630 1321 ,
648 1264 758 1331 plus
777 1277 964 1315 noceat
994 1267 1334 1335 vespertinus?

221 1390 422 1441 LEUC:
490 1388 684 1438 Audivi
716 1387 910 1451 saepius,
945 1388 1091 1453 quod
1119 1393 1432 1445 dormiendo
1460 1399 1696 1451 nonnulli
1731 1415 1851 1467 ope·

95 1467 266 1517 rentur
291 1453 473 1502 rationi
505 1451 852 1506 conformius,
873 1452 1030 1516 quam
1061 1456 1136 1513 alij
1168 1459 1450 1521 vigilando:
1486 1477 1607 1513 nam
1635 1466 1757 1530 saepe
1782 1466 1853 1516 di-

95 1519 319 1567 scurrunt
341 1518 389 1565 in
409 1511 575 1564 rostris
597 1514 652 1563 ut
671 1516 821 1573 Tullij
838 1549 851 1570 ,
877 1518 927 1565 in
954 1517 1187 1582 synedrijs
1205 1522 1516 1580 consultant,
1542 1530 1593 1578 <Sc
1611 1528 1850 1586 judicant,

93 1583 234 1631 velut
262 1580 486 1630 Catones
511 1596 522 1625 :
579 1580 801 1629 carmina
827 1594 1054 1650 pangunt
1084 1583 1148 1631 ad
1185 1585 1566 1642 aemulationem
1593 1593 1850 1644 Maronis:

92 1646 145 1695 in
168 1645 400 1707 Peripato
429 1641 676 1715 disputant
701 1642 766 1691 ad
791 1644 943 1709 usque
960 1646 1204 1697 invidiam
1221 1649 1456 1700 Socratis.
1540 1655 1612 1705 Ut
1638 1656 1759 1719 quid
1777 1671 1854 1707 er-

90 1704 162 1774 go
193 1705 389 1756 destitui
418 1708 614 1757 ratione
648 1721 699 1754 in
725 1705 915 1756 somnis
953 1708 1197 1760 dicimur?
1249 1712 1258 1734 ‘²
1277 1714 1438 1761 MEL:
1520 1718 1651 1769 Non
1676 1719 1764 1769 abs
1793 1735 1850 1772 [ς

93 1767 290 1820 destitui
318 1768 533 1819 dicimur
560 1770 766 1818 rationis
799 1770 910 1825 usu,
940 1770 975 1820 fi
1000 1773 1242 1841 intelligas
1278 1776 1489 1842 plenum
1525 1780 1671 1833 illum
1691 1815 1706 1838 ,
1736 1798 1848 1847 quo

89 1833 304 1885 fruimur
324 1832 597 1896 vigilantes.
699 1833 871 1882 Variat
890 1836 1027 1884 enim
1047 1834 1184 1886 hunc
1206 1839 1349 1889 usum
1371 1841 1470 1905 ipsa
1498 1842 1666 1894 som'ni
1695 1848 1849 1896 varie-

94 1910 185 1946 tas.
262 1897 569 1958 Plerumque
597 1893 961 1945 somniantibus
999 1899 1149 1947 nobis
1183 1900 1447 1963 phantafiae
1484 1905 1726 1971 imagines
1759 1909 1851 1959 flu·

92 1961 288 2013 eruant,
309 1971 458 2022 atque
476 1960 543 2007 ita
568 1971 781 2031 quoque
800 1958 980 2009 titubat
998 1963 1152 2016 ratio,
1172 1964 1261 2013 suo
1292 1965 1460 2017 minus
1484 1967 1716 2020 ordinate
1738 1972 1852 2022 fun.

93 2023 173 2073 &a
194 2022 390 2073 officio.
490 2020 654 2092 Qod
675 2020 709 2070 fi
730 2021 948 2072 vivacius
969 2022 1260 2088 phantasma
1286 2027 1493 2087 objecto
1510 2030 1771 2089 inhaereat,
1795 2037 1850 2085 in
1911 2053 1913 2056 ¹

94 2085 350 2135 intellestu
375 2098 612 2149 quoque,
639 2099 697 2132 ex
716 2083 994 2150 sympatico
1012 2089 1269 2153 utriusque
1289 2097 1612 2146 commercio
1629 2129 1643 2153 ‚
1667 2098 1851 2150 melio-

95 2151 135 2200 ri
160 2147 339 2197 ordine
372 2149 577 2213 species,
600 2148 681 2198 vel
711 2150 1011 2203 excitantur,
1043 2150 1123 2200 vel
1187 2167 1468 2207 enerantur.
1494 2191 1497 2193 >
1538 2161 1726 2225 Neque
1749 2177 1850 2227 ego

95 2211 187 2260 tibi
217 2211 444 2275 jugulum
465 2210 772 2274 frangerem,
797 2211 831 2260 si
855 2208 1134 2270 sustineres,
1174 2217 1309 2281 igat'o
1331 2230 1438 2269 tam
1454 2223 1680 2273 molliter
1701 2226 1853 2276 Intel-

96 2274 254 2327 lectu,
278 2273 596 2322 voluntatem
657 2289 846 2340 noque,
870 2275 960 2325 suo
984 2291 1094 2328 non
1117 2279 1313 2343 penitus
1338 2283 1498 2333 deeffe
1524 2285 1722 2339 officio.
1791 2288 1851 2339 Id

20 2342 25 2346 *
96 2336 264 2387 solum
285 2336 550 2386 contendo
567 2337 632 2391 ,li
671 2350 879 2387 ertatem
896 2354 1008 2389 non
1027 2339 1143 2392 fore
1164 2344 1438 2407 perfectam
1453 2381 1468 2403 ‚
1492 2363 1650 2413 quam
1677 2363 1854 2402 tamen

94 2400 301 2463 requirit
320 2399 641 2465 Theologica
662 2400 872 2451 Themis
893 2400 992 2452 five
1012 2403 1076 2453 ad
1093 2407 1332 2459 meritum
1346 2442 1360 2465 ,
1379 2409 1481 2461 five
1501 2427 1654 2477 grave
1675 2413 1847 2464 deme.

97 2466 271 2514 ritum.
346 2462 509 2528 Qod
530 2465 666 2513 enim
686 2465 739 2514 in
766 2467 1058 2531 praetextatis
1083 2464 1154 2516 est
1184 2482 1298 2520 vaetas
1329 2474 1570 2525 nondum
1604 2476 1811 2527 excosta
1832 2509 1851 2532 ‚

100 2525 248 2593 quod
276 2526 615 2586 injuventute
638 2542 855 2596 praeceps
874 2529 1029 2646 aniRii
1047 2529 1222 2595 passio,
1237 2536 1381 2600 quod
1398 2539 1596 2592 in'Viris
1621 2539 1855 2653 eblrlietas,

1034 2606 1067 2641 2
1111 2615 1116 2620 ’
1719 2617 1786 2655 oc
