2205 2905
360 96 423 144 26
926 84 1081 139 'Atlaa'
1094 83 1426 150 Philosbphicus.

298 189 352 238 in
371 183 604 250 Hispania
624 180 651 233 a
670 181 903 249 Pyreneis
917 213 931 236 ,
952 180 1015 230 ab
1037 177 1256 244 Alpibus
1291 177 1344 225 in
1364 170 1550 225 Gallia,
1575 168 1629 222 in
1651 169 1845 225 Graecia
1865 174 1895 227 ὲ
1916 191 2069 231 mon.

300 251 431 300 tibus
450 249 694 299 Thraciae·
795 245 1002 298 Verbo:
1038 243 1261 294 AEoliam
1291 236 1549 303 physicam
1569 236 1605 286 si
1633 237 1856 303 indages‚
1871 240 2069 299 dicam,

301 317 557 379 originem
582 312 777 362 trahere
806 309 868 359 ab
888 310 942 367 ijs
965 306 1233 358 omnibus,
1265 318 1375 366 quae
1406 301 1506 351 sive
1533 301 1798 359 rarefacta,
1817 303 1918 354 sive
1945 321 2070 356 eon-

304 379 504 427 densata
521 410 532 432 ‚
558 377 747 426 tollunt
771 374 1105 438 aequilibrium
1132 371 1270 418 aeris.
1370 367 1464 414 Fac
1489 367 1627 414 enim
1658 367 1802 416 calor
1834 381 2072 420 extenuet

53 455 278 503 Schererm
304 446 476 493 aerem
501 436 721 490 maxime
743 435 1185 489 condensatum,&
1206 428 1295 480 nisi
1306 430 1445 480 Lana
1470 428 1678 494 disputet
1703 430 1765 479 de
1783 432 1896 482 lana
1919 436 2073 499 capri-

54 531 93 566 t.
109 518 199 565 2‚l‚
217 519 261 566 8,
305 523 397 561 na,
423 504 695 570 occupabit
715 503 925 569 spatium
951 496 1153 562 vigesies
1181 494 1361 569 millies
1391 494 1549 564 majus
1568 493 1613 541 se
1635 495 1764 559 ipso:
1803 497 1926 560 quid
1945 494 2070 562 ergo

60 599 96 630 c.
114 595 157 633 2,
306 573 522 620 mirum,
546 567 691 631 quod
718 563 1074 629 atmosphaera,
1104 560 1235 609 adeo
1268 562 1488 629 extenta,
1519 559 1745 631 impellat
1772 574 1969 625 partem
1992 564 2073 611 ἢε-

306 638 369 684 ris
389 635 702 700 proximam,
724 630 830 680 haec
855 627 1023 677 trudat
1052 621 1225 674 denuo
1250 623 1498 675 Vicinam,
1520 636 1695 684 sicque
1725 624 1902 674 sensim
1927 641 2073 674 com-

305 710 461 748 moto
489 696 684 754 majore
708 695 863 760 spatio
879 726 891 748 ,
914 691 1103 740 oriatur
1122 698 1300 737 ventus
1314 718 1327 740 ,
1348 687 1434 747 qui
1456 685 1630 734 cundo
1649 690 1896 752 accipiens
1918 691 2073 744 vireS,

192 827 193 830 Ἴ
305 763 401 813 sese
424 760 606 812 fortius
640 769 912 825 propagat,
935 770 1047 804 non
1076 752 1215 800 aliter
1241 764 1300 797 ac
1320 749 1413 796 sese
1444 749 1604 818 solent
1632 751 1834 801 trudere
1864 752 2073 806 fluetus,

60 848 267 896 fromn,
307 824 482 889 sicque
508 823 686 874 sensim
709 825 991 872 coritovere
1015 814 1317 886 Oceanum?
1353 811 1433 859 sed
1455 815 1588 875 tinge
1604 812 1805 881 denuo,
1825 831 1947 864 nam
1968 815 2076 865 haec

67 911 141 961 dm
308 891 447 941 fiffio
471 887 678 938 docebit
697 898 747 935 te
765 886 1029 936 veritatem
1045 914 1058 934 ,
1078 882 1211 941 linge
1225 909 1238 931 ,
1261 890 1500 945 inquam,
1523 877 1669 935 quod
1700 877 1951 927 exhalatio
1966 911 1979 933 ,
2004 878 2076 927 su-

143 946 155 960 ’
308 956 419 1005 bito
448 954 637 1018 frigore
658 947 988 999 condensata,
1008 941 1202 1018 suamet
1231 937 1470 1010 ponderis
1497 940 1769 1001 gravitate,
1801 953 1894 990 nee
1926 943 2078 1006 proin

309 1019 501 1081 absque
530 1013 737 1064 sensibili
767 1015 987 1075 impetu,
1011 1024 1038 1055 e
1062 1008 1233 1071 primae
1269 1016 1488 1073 regionis
1524 1004 1736 1056 vei-tice,
1763 1017 1873 1054 ruat
1899 1006 1951 1054 in
1982 1018 2078 1053 ter.

309 1098 448 1132 ram:
486 1079 607 1143 quid
629 1074 801 1126 denuo
821 1076 1011 1124 mirum
1025 1104 1039 1125 ,
1065 1065 1212 1132 quod
1233 1069 1346 1141 aere
1365 1076 1471 1113 tam
1493 1064 1764 1130 derepente
1791 1069 2078 1124 contineto,

310 1149 364 1197 in
388 1145 489 1202 ejus
513 1144 691 1193 locum
709 1155 832 1190 mox
854 1139 975 1186 alius
996 1132 1221 1185 advolet,
1233 1129 1505 1191 secumque
1518 1129 1681 1178 trahat
1702 1130 1938 1180 affinem?
1958 1132 2082 1195 quid

310 1211 529 1262 mirum,
553 1203 698 1269 quod
727 1203 833 1252 haec
853 1196 1116 1251 successiva
1147 1194 1448 1245 commotio
1478 1205 1692 1244 ventum
1722 1195 1896 1247 eundo
1929 1212 2084 1262 gene-

311 1285 412 1329 ret,
437 1271 642 1335 qualem
662 1266 746 1319 hie
767 1263 1078 1331 experimur?
1300 1319 1315 1336 Α
1394 1323 1406 1333 ο

441 1334 641 1386 LEUC:
710 1333 876 1396 Capio
903 1329 1153 1392 originem
1174 1335 1372 1391 motus,
1393 1338 1445 1371 in
1468 1334 1620 1372 motu
1639 1336 1914 1375 ventorum
1936 1340 2086 1391 gene.

314 1400 410 1452 fin:
448 1399 531 1448 sed
557 1414 646 1446 cur
676 1399 921 1461 impetus,
947 1387 1079 1441 adeo
1107 1388 1195 1437 fibi
1221 1389 1343 1451 rape
1372 1389 1685 1436 contrarius?
1730 1405 1819 1438 cur
1847 1405 1985 1439 nunc
2008 1390 2077 1438 di-

313 1464 502 1518 rectus,
527 1478 663 1511 nunc
690 1456 990 1511 transversus
1006 1489 1018 1510 ,
1039 1468 1175 1502 nunc
1196 1451 1416 1518 placidus
1444 1449 1704 1515 Zephyrus
1720 1485 1733 1507 ,
1757 1469 1894 1502 nunc
1915 1454 2084 1503 fulmi-

316 1544 442 1579 neus
462 1525 768 1592 Ecnephias,
790 1537 927 1572 nunc
956 1517 1182 1569 turbidus
1210 1514 1462 1579 Typhon,
1491 1530 1628 1564 nunc
1655 1515 1829 1565 furore
1851 1516 2084 1567 accensus

316 1588 549 1643 Praester?
615 1591 773 1635 MEL:
842 1587 971 1636 Non
994 1581 1172 1631 eadem
1201 1577 1530 1643 atmospherae
1560 1575 1630 1626 est
1662 1579 1942 1644 dispositio,
1971 1596 2084 1629 non

319 1655 500 1705 eadem
521 1651 900 1701 exhalationum
913 1650 1133 1697 Natura,
1157 1658 1252 1691 nec
1270 1642 1447 1689 eadem
1470 1643 1727 1702 agentium
1749 1645 1929 1694 virtus:
1964 1643 2085 1692 hinc

320 1735 418 1785 pro
441 1716 583 1774 varijs
614 1709 1020 1768 circumstantiis,
1042 1709 1208 1757 varios
1239 1708 1378 1754 venti
1407 1703 1660 1752 affumuiit
1687 1717 1887 1762 motuS,
1919 1709 1968 1756 ὃ(
1991 1708 2085 1755 im-

321 1794 480 1848 petus.
582 1779 794 1829 Flumen
814 1776 972 1840 aspice
1007 1772 1029 1828 (
1050 1785 1171 1819 nam
1191 1770 1326 1820 venti
1348 1769 1458 1817 sunt
1475 1769 1598 1815 aeris
1618 1767 1861 1826 flumina)
1898 1772 1948 1820 ὅ(
1971 1786 2083 1819 om.

322 1848 398 1895 nis
418 1860 503 1894 me
527 1842 692 1892 oderit
712 1842 927 1904 Stagna,
948 1835 1036 1886 nifi
1057 1837 1109 1884 in
1136 1833 1236 1890 ejus
1256 1832 1417 1884 fluxu,
1448 1831 1704 1896 pellucido
1736 1833 1892 1882 veluti
1917 1833 2086 1896 specu-

322 1911 407 1963 lo,
436 1920 712 1956 ventorum
744 1904 1086 1970 phaenomena
1115 1895 1474 1962 deprehendas,
1576 1897 1733 1945 Nunc
1762 1897 1899 1945 enim
1926 1898 2083 1961 pleno

324 1973 543 2022 decurrit
565 1970 712 2019 alveo
726 2002 739 2024 ,
758 1982 895 2016 nune
915 1965 1223 2014 diminutum
1238 1993 1251 2015 ,
1266 1974 1404 2009 nunc
1428 1960 1557 2007 inter
1573 1960 1834 2008 montium
1854 1962 2088 2025 angipor.

323 2050 405 2087 tus
423 2029 733 2086 velocissime
754 2031 906 2094 fugit,
925 2043 1063 2077 nunc
1087 2028 1139 2075 in
1167 2022 1471 2090 amplissimis
1495 2024 1682 2087 campis
1703 2019 1896 2087 placide
1925 2024 2086 2089 exspa-

324 2103 497 2150 tiatur:
545 2097 686 2147 subin
712 2097 841 2145 inter
870 2093 1025 2143 obvia
1054 2091 1187 2143 saxa,
1211 2089 1349 2138 velut
1378 2088 1712 2135 carminatum
1745 2087 1954 2142 exultat,
1974 2103 2086 2139 non

323 2178 592 2227 nunquam
627 2177 686 2210 ex
714 2157 968 2223 catadupis
995 2155 1355 2221 praecipitatum
1388 2150 1722 2200 formidinem
1754 2152 1955 2206 incutit,
1984 2153 2087 2210 jam

326 2230 380 2277 in
402 2227 531 2276 hanc
546 2259 559 2281 ,
581 2226 681 2283 jam
702 2225 756 2273 in
779 2223 917 2272 illam
945 2232 1141 2284 partem
1164 2218 1390 2268 excurrit,
1413 2229 1549 2262 nune
1571 2215 1787 2277 denique
1805 2216 1858 2263 in
1879 2215 2083 2280 rapidos

327 2293 547 2343 vortices
568 2300 792 2353 gyratur,
814 2287 894 2335 vel
912 2281 1314 2334 circumflectitur
1331 2282 1384 2328 in
1405 2277 1710 2328 MaeandrOS.
1790 2280 1920 2328 Non
1947 2280 2086 2331 aliter

326 2367 509 2405 ventus
528 2368 664 2400 nunc
683 2349 912 2400 interciso
937 2351 1132 2412 impetu
1150 2344 1318 2409 spirat,
1340 2340 1507 2391 modo
1530 2340 1690 2392 ceffat,
1712 2340 1881 2391 modo
1903 2343 2084 2393 relum-

329 2421 424 2483 ptis
441 2415 642 2470 viribus,
665 2414 845 2472 majori
873 2412 999 2460 redit
1022 2426 1141 2459 cum
1163 2412 1372 2473 impetu,
1392 2403 1457 2455 eo
1479 2404 1624 2468 quod
1645 2404 1981 2456 exhalationes
2002 2408 2086 2456 vel

331 2482 424 2531 sint
446 2478 631 2543 magis,
655 2490 741 2526 aut
767 2476 931 2525 minus
961 2478 1214 2524 continuae
1230 2505 1242 2524 ,
1267 2483 1351 2519 aut
1378 2471 1544 2534 plura,
1566 2469 1647 2518 vel
1672 2472 1910 2533 pauciora
1940 2472 1989 2518 iri
2009 2473 2083 2519 iti-

328 2560 449 2597 nere
470 2540 726 2599 obstacula
743 2543 1088 2596 intercurrant.
1191 2531 1354 2606 Qod
1374 2533 1410 2588 fi
1429 2532 1676 2588 exhalatio
1695 2533 1911 2600 suspensa
1932 2536 1982 2581 in
2002 2538 2084 2586 ae-

1793 2610 1862 2656 re,
1878 2610 2019 2658 quas-
2061 2642 2063 2646 ,
