2160 2916
121 11 141 27 Q

685 77 816 168 Scylla
838 119 968 175 atque
991 107 1230 174 Charybdis.
1686 113 1778 184 ξος

125 195 203 250 0st
230 208 560 249 exoneratum
586 196 824 249 incendio
857 201 1042 251 ultimo
1063 214 1309 251 craterem
1338 233 1351 257 ‚
1386 216 1474 268 per
1500 199 1666 255 varios
1699 214 1842 252 cana-

110 278 159 313 es
182 275 439 314 meantem
466 261 657 312 undam
681 296 695 317 ,
730 276 852 313 cum
871 263 1007 315 unda
1034 281 1210 317 voces,
1247 267 1300 314 in
1331 268 1516 316 vertice
1536 268 1753 333 prolatas
1775 265 1842 316 fic

87 340 335 395 propagat
364 326 429 376 ad
448 328 551 376 ima
572 355 585 381 ,
622 339 677 375 ut
701 328 754 376 in
779 327 946 378 radice
974 358 988 384 ,-
1025 329 1299 393 loquacem
1326 330 1517 380 undam
1541 363 1554 384 ‚
1593 329 1676 381 vel
1713 329 1840 378 redi-

87 394 265 442 vivum
291 394 344 440 in
371 389 515 440 undis
529 390 830 446 Narciffum,
850 392 938 441 tibi
960 391 1190 456 colloqui
1218 393 1414 451 jurareS.
1492 395 1628 445 Hinc
1644 393 1844 445 audias,

87 453 192 505 hoc
218 453 417 504 inloco
443 450 710 503 Pastorum
745 455 1005 519 colloquia
1027 486 1040 512 ‚-
1070 454 1174 505 sola
1215 470 1402 506 naturae
1438 457 1749 523 garrulitate,
1788 456 1843 504 li-

85 514 169 568 cet
187 519 446 567 neminem
471 517 656 572 videas,
678 520 729 566 in
758 520 938 568 vicinia
961 517 1275 568 existentemt
1316 536 1440 569 cane
1462 523 1632 571 unico,
1657 522 1709 568 in
1734 534 1841 568 ver-

85 583 184 630 tice
212 583 403 630 montis
429 579 661 650 latrante,
688 580 855 630 audias
887 583 1168 632 venationis
1190 585 1391 649 integrae
1419 584 1645 633 fremitus
1665 618 1677 634 ‚
1708 579 1841 631 adeo

84 644 252 698 sonus,
276 643 337 692 ab
366 643 548 695 effossis
572 643 823 693 canalibus
857 647 1173 710 interceptus,
1201 647 1491 701 interdi'tur,
1517 663 1574 696 ac
1596 643 1843 710 repercus-

84 707 160 758 sus
183 707 558 772 multiplicatur.
627 706 790 756 Addo
809 708 1026 773 denique
1051 711 1282 774 jocosum
1299 711 1502 776 Carpati
1523 710 1841 775 prodigium:

85 768 246 822 Mons
270 767 338 819 est
355 772 407 819 in
418 772 674 835 Hungaria
693 771 898 820 celebris
924 788 933 820 τ
970 775 1022 821 in
1050 771 1194 831 hujus
1216 775 1421 824 Vertiee
1441 773 1475 822 fi
1495 774 1843 838 selopumma-

84 834 291 884 nualem
319 833 584 899 eprodas,
614 833 696 883 vel
717 845 926 884 tenuem
958 835 1187 887 diffolvas
1225 837 1450 902 lapillum
1472 870 1485 891 ,
1519 849 1645 887 mox
1680 833 1845 900 strepi-

86 909 192 952 tus,
223 897 489 946 confracto
513 897 698 946 baculo
727 900 871 947 initio
889 898 1081 955 similis,
1111 914 1200 965 per
1220 899 1376 964 sylvas
1399 904 1448 950 <Se
1478 899 1627 949 valles
1658 898 1722 950 fic
1756 901 1845 946 cir-

85 960 464 1015 cumfunditur,
485 972 540 1009 ut
559 973 949 1015 tormentorum,
964 962 1237 1027 fragorem,
1260 980 1318 1013 ac
1341 963 1656 1013 discurrentia
1679 962 1846 1011 fulmi-

87 1040 153 1073 na
174 1024 352 1072 referat
378 1056 391 1079 ,
428 1036 577 1086 atque
603 1026 757 1072 totius
778 1027 969 1073 montis
990 1029 1189 1075 ruinam
1209 1060 1221 1081 ,
1258 1043 1378 1077 cum
1404 1028 1679 1076 innumeris
1700 1024 1849 1074 vacil-

88 1087 301 1136 lantibus
330 1087 445 1136 saxis
476 1120 489 1141 ,
525 1087 764 1135 tracturus
793 1088 1036 1137 videatur.
1106 1091 1204 1139 En!
1239 1103 1294 1139 ut
1322 1104 1441 1139 cum
1461 1091 1702 1139 Lucretio
1724 1088 1849 1156 pati·-

85 1162 161 1201 ter
181 1149 356 1216 finiam
378 1184 392 1207 ,
422 1148 579 1213 quam
596 1151 649 1198 in
669 1151 851 1203 ‚multas
872 1166 1025 1202 voces
1052 1170 1140 1200 vox
1158 1169 1240 1199 una
1260 1154 1431 1215 repente
1455 1151 1686 1215 diffugiat?

340 1280 439 1337 Qae
457 1273 560 1324 hene
581 1274 675 1324 crim
693 1279 843 1324 videas
863 1314 876 1330 ,
914 1278 1124 1326 rationem
1143 1277 1315 1327 reddere
1328 1276 1449 1341 poffis

346 1340 495 1404 quue
521 1340 605 1387 tibi
625 1376 639 1391 ,
676 1354 805 1404 atque
822 1342 920 1401 alijs
942 1377 954 1392 ,
985 1359 1065 1405 quo
1082 1343 1208 1402 pasto
1229 1354 1309 1403 per
1332 1345 1422 1389 loca
1433 1341 1526 1400 βία
1877 1333 1909 1384 l·
1929 1347 1969 1382 0·

337 1407 450 1451 Saxa
463 1415 592 1465 pares
605 1402 773 1463 fhrmas
791 1403 1023 1451 verborum
1051 1420 1105 1452 ex
1132 1407 1277 1453 ordine
1298 1408 1474 1453 reddant
1493 1408 1514 1454 ξ
1606 1412 1609 1415 ’
1725 1416 1727 1418 ’

84 1534 241 1581 MEL:
275 1531 400 1581 Duo
424 1525 535 1587 sunt
553 1560 567 1584 ,
602 1544 825 1593 quorum
855 1528 1017 1581 causas
1039 1530 1067 1582 ὲ
1088 1528 1402 1598 Philosopho
1421 1533 1679 1585 Lucretius
1697 1537 1843 1602 petit:

88 1611 255 1649 1.um‚
277 1594 412 1643 unde
439 1593 815 1658 polyphonismi
837 1595 1106 1644 echonici?
1142 1609 1312 1651 2.um,
1346 1598 1480 1646 unde
1500 1599 1713 1649 intensio
1735 1601 1847 1648 illo-

84 1657 199 1709 rum
219 1669 355 1706 tanta
369 1656 541 1705 ?Echo
563 1656 729 1720 saepius
750 1659 1077 1724 multiplicata
1096 1675 1152 1708 ex
1176 1676 1240 1708 co
1261 1662 1510 1723 originem
1534 1660 1848 1726 trahit,quod

82 1737 186 1773 vox
210 1720 362 1769 semel
383 1720 660 1785 repercussa
679 1754 692 1774 ,
727 1723 780 1769 in
804 1722 918 1772 alias
944 1725 994 1772 ὃς
1013 1723 1130 1771 alias
1158 1723 1344 1773 incidat
1371 1726 1605 1773 cavitates
1630 1759 1644 1780 ‚
1678 1723 1706 1774 ὲ
1738 1728 1847 1789 qui-

18 1839 21 1841 ,
81 1785 174 1835 bus
198 1796 310 1833 orta
332 1779 593 1834 successive
624 1784 827 1832 reflexio
854 1784 1075 1834 eundem
1088 1786 1271 1835 sonum
1284 1786 1568 1837 reverberat
1595 1788 1760 1854 saepius
1781 1788 1845 1838 ad

81 1864 275 1898 aurem,
340 1848 403 1896 Et
424 1845 530 1895 hoc
551 1844 619 1895 est
637 1843 929 1911 mysterium
951 1849 1090 1902 illud,
1116 1850 1260 1911 quod
1281 1848 1517 1899 aNatura
1529 1851 1630 1900 Ars
1651 1852 1842 1906 didicit,

82 1913 288 1963 Naturae
311 1908 474 1959 fimia:
512 1909 629 1958 hinc
648 1910 816 1960 videas
841 1911 1033 1959 medios
1055 1914 1106 1960 in
1127 1911 1348 1968 Ecclefijs
1371 1911 1559 1961 choros
1587 1946 1601 1968 ,
1637 1929 1702 1963 eo
1734 1917 1844 1965 arti-

83 1974 203 2024 ficio
227 2008 241 2029 ,
266 1986 321 2023 ut
338 1986 433 2022 tres
453 1986 684 2022 cantores
707 1968 758 2021 id
780 1973 939 2037 ipsum
962 1971 1204 2038 praestent,
1228 1974 1371 2037 quod
1392 1988 1598 2024 centum
1613 2010 1626 2030 ‚
1647 1993 1843 2043 magno

84 2038 397 2102 psallentium
420 2037 741 2090 commodo,
774 2036 956 2094 majori
980 2031 1320 2086 aedificationis
1337 2036 1678 2089 Ecclesiasticae
1699 2057 1841 2092 emo-

83 2105 337 2153 lumento,
401 2099 589 2151 Videas
615 2101 907 2162 Principum
933 2100 1065 2148 aulas
1093 2102 1159 2148 ita
1187 2099 1436 2165 dispositas
1460 2134 1472 2156 ,
1509 2114 1564 2150 ut
1587 2106 1738 2152 etiam
1760 2122 1842 2171 pa-

86 2168 230 2216 rietes
251 2162 342 2212 sint
363 2165 528 2212 auritae
550 2182 563 2216 3
599 2179 719 2212 nam
741 2163 860 2211 nihil
890 2162 1063 2211 dixeris
1092 2174 1198 2212 tam
1223 2161 1429 2212 demisse
1443 2198 1454 2218 ,
1472 2166 1615 2227 quod
1637 2167 1778 2218 altius
1790 2171 1847 2218 in

82 2227 319 2280 conclavi
341 2241 450 2275 non
469 2229 703 2292 percipiat
721 2228 966 2291 Princeps.
1029 2226 1214 2276 Videas
1234 2224 1467 2277 acusticas
1481 2228 1712 2286 fabricas,
1737 2247 1847 2295 quae
2020 2288 2023 2293 ,

87 2291 364 2343 hominum
390 2287 538 2339 instar
559 2290 867 2352 loquantur:
905 2288 1085 2339 Tubos
1121 2289 1300 2353 quibus
1338 2290 1404 2340 ad
1438 2292 1667 2342 milliaria
1702 2297 1846 2358 quin·
1878 2293 2035 2348 Kirch.

87 2369 188 2420 que
217 2352 384 2403 Italica
425 2355 476 2404 ὃς
505 2351 605 2401 allo
647 2355 772 2402 uaris
807 2351 1026 2405 absentes
1051 2386 1064 2408 ,
1111 2355 1163 2403 &
1196 2353 1477 2403 absentium·
1511 2356 1739 2421 responsa
1773 2361 1843 2407 in·
1876 2357 2088 2416 l.1.ph0n=j

84 2418 273 2481 telligas
292 2449 305 2470 ,
342 2427 396 2464 ut
422 2428 596 2465 tamen
623 2418 640 2465 1
665 2429 801 2466 antes
819 2418 871 2465 in
893 2415 1196 2466 intermedio
1226 2417 1392 2466 arbitri
1411 2417 1534 2466 nihil
1553 2422 1843 2488 percipiant,
1875 2420 2073 2478 eornm,

86 2478 433 2532 Intenfionem
457 2478 732 2530 echonismi
754 2479 898 2543 quod
916 2481 1090 2528 attinet
1110 2513 1124 2534 ,
1160 2481 1376 2530 eandem
1410 2496 1506 2546 pro
1536 2483 1674 2532 causti
1705 2484 1842 2533 refle-

86 2547 298 2600 xionem
316 2543 370 2594 in
395 2541 515 2597 tuba
534 2544 854 2600 Morlandica
874 2540 1136 2661 allocgaras:
1171 2559 1266 2599 nec
1287 2559 1385 2612 ego
1410 2543 1640 2599 diffentio
1654 2546 1742 2662 §lid
1764 2546 1838 2598 so-

996 2619 1021 2666 3
1689 2624 1780 2662 um
