2177 2905
52 591 209 637 strada

50 655 166 701 Dec.
186 667 202 698 1
216 653 272 703 λ.

57 728 77 761 1
89 752 101 764 .
116 717 169 762 ad
201 733 270 765 an.

90 790 231 838 1557·

51 1540 270 1588 Hadrian.

60 1609 76 1627 ‘·
85 1619 170 1650 ,un-

55 1796 210 1844 franc.

51 1860 284 1910 Alumausae

371 99 466 147 226
853 93 1262 156 Technophylacc'um
1287 93 1527 156 Phyficum.

306 188 566 247 structam,
590 201 860 257 utramque
890 188 1023 242 adeo
1058 191 1237 242 exilem
1261 225 1275 246 ,
1309 203 1363 241 ut
1396 192 1534 241 illam
1562 189 1755 246 Musca,
1785 188 1919 240 hane
1936 192 2063 244 vero

308 258 527 321 Apicula
558 257 643 305 alis
673 255 765 307 suis
804 268 1076 321 contegere
1106 288 1120 310 ,
1158 254 1456 321 penitusque
1490 255 1796 304 abscondere
1823 257 2061 320 potuerit.

307 322 466 368 MEL:
534 322 664 370 Non
690 321 871 369 invitus
904 333 999 368 tuae
1033 319 1285 368 subscribo
1309 320 1600 373 Sententiae,
1622 321 1702 368 cui
1736 319 1835 376 jam
1867 319 2065 369 dudum

304 383 577 448 subscripsit
606 385 825 433 Carolus
851 384 918 433 V.
957 385 1211 433 Maximus
1243 385 1552 447 Imperator,
1580 386 1666 445 qui
1696 383 1926 432 Gandavi
1957 397 2068 432 non

307 458 415 496 tam
431 448 650 512 ingentia
669 448 750 496 illa
773 448 1050 502 Pomoeria‚
1071 447 1225 509 quam
1249 448 1475 511 parvulas
1496 446 1599 494 illas
1622 447 1877 495 machinas
1898 441 1967 494 est
1986 446 2071 495 de-

307 512 540 565 miratus,
562 510 745 574 quibus
764 511 906 560 illum
928 526 1038 560 non
1056 510 1207 559 semel
1226 510 1466 558 recreavit
1488 510 1743 567 Jannellus
1763 511 2066 563 Tuniauus,

309 574 436 623 illius
458 576 701 638 temporis
727 573 1078 623 Archimedes.
1148 574 1288 623 Nam
1309 573 1427 638 saepe
1445 575 1497 622 in
1516 573 1710 627 mensa,
1730 573 2070 638 compendio-

309 635 360 686 sa
396 637 551 687 veluti
575 639 751 686 Matris
783 633 1026 702 palaestra,
1047 636 1270 685 exhibuit
1299 650 1520 686 armatos
1549 639 1812 691 exercitus,
1832 638 1919 700 qui
1947 652 2068 686 cum

308 701 440 749 tubis
461 734 474 754 ,
503 703 552 751 &
597 703 847 765 tympanis
882 699 1121 765 stupenda
1163 700 1262 748 fine
1305 701 1536 764 sanguine
1583 699 1841 765 fingebant
1887 702 2066 763 praelia.

309 767 466 815 Nunc
498 763 796 829 passerculos
822 766 1014 828 ligneos
1042 760 1355 812 monstrabat
1384 765 1643 815 volantes,
1673 767 1723 812 ὃς
1755 766 2067 812 revolantes:

307 844 445 877 nunc
465 828 627 880 molas
647 829 828 876 ferreas
845 860 857 881 ,
878 826 960 880 sua
993 829 1166 891 sponte
1188 827 1429 875 versatiles
1461 826 1721 888 produxit,
1752 837 1899 874 tantae
1922 824 2071 875 subti-

304 892 452 940 litatis
468 925 481 946 ,
506 903 561 940 ut
591 906 772 940 omnes
791 888 988 939 manieti
1013 890 1315 942 occultaret,
1341 887 1425 935 etsi
1446 899 1645 936 tantum
1664 889 1810 950 tritici
1839 890 2069 952 quotidie

303 955 588 1007 molerent,
612 967 859 1016 quantum
880 953 1002 1000 octo
1027 951 1320 999 hominibus
1343 952 1394 999 in
1416 950 1518 999 dies
1536 950 1756 1014 singulos
1781 952 1992 1006 alendis,
2019 968 2070 1001 a·

302 1014 476 1067 b-unde
497 1016 756 1066 sufficeret.
826 1017 1077 1064 Mirentur
1097 1014 1172 1070 aiij
1194 1009 1313 1078 Epe'i
1337 1029 1526 1076 equum
1544 1047 1556 1068 ,
1583 1015 1877 1064 Machinam
1899 1017 2069 1073 Trojae

304 1082 538 1132 fatalcm3
578 1077 738 1142 magis
776 1094 859 1126 me
897 1080 1020 1142 rapit
1051 1078 1262 1140 sculptus
1290 1081 1342 1126 in
1370 1093 1575 1141 gemma
1605 1080 1775 1127 annuli
1807 1079 2067 1133 Phaeton,

305 1156 526 1206 quatuor
548 1145 685 1204 equis
706 1141 928 1191 imcftus
944 1175 954 1194 ,
981 1135 1204 1190 distinere
1223 1139 1374 1195 adeo,
1396 1154 1450 1189 ut
1473 1141 1786 1206 fingulorum
1813 1157 2067 1205 equorum

304 1209 472 1260 frena,
496 1207 686 1260 dentes,
712 1222 769 1254 ac
789 1206 937 1270 pedes
962 1205 1176 1254 sedecim
1198 1201 1341 1254 facile
1362 1209 1615 1254 notaverit
1633 1206 1831 1260 oculus,
1851 1206 1935 1255 etli
1959 1223 2067 1257 cru-

305 1286 359 1320 ra
385 1270 513 1318 bene
536 1270 790 1318 articulata
816 1285 930 1318 crus
946 1269 1116 1334 pulicis
1144 1285 1252 1317 non
1277 1266 1600 1317 exceffifl'ent:
1639 1267 1797 1333 magis
1828 1285 1912 1317 me
1939 1273 2069 1334 rapit

305 1333 488 1384 Rheda
507 1334 587 1382 illa
602 1367 619 1387 ,
639 1347 859 1396 quatuor
881 1335 1019 1395 equis
1045 1329 1276 1381 insti-udra
1292 1366 1305 1385 ,
1326 1347 1480 1394 quam
1502 1332 1699 1382 Artifex
1721 1332 1928 1397 quIdam
1950 1335 2069 1383 Hel-

304 1397 766 1451 vetus,Lud0vico
796 1398 931 1445 XIII.
963 1397 1240 1446 Galliarum
1260 1397 1389 1459 Regi
1418 1396 1632 1450 obtulit,
1661 1393 1798 1444 tanta
1821 1396 2065 1454 exi-litate,

304 1474 360 1509 ut
384 1463 561 1525 unguis
583 1462 982 1525 magnitudinem
1002 1472 1171 1508 totum
1199 1476 1327 1524 opus
1345 1475 1452 1510 non
1477 1461 1734 1524 superaret.
1816 1457 2068 1526 Obstupe-

303 1524 439 1574 scant
462 1525 537 1581 alij
558 1525 858 1588 Memphin,
878 1526 928 1571 in
953 1536 1160 1572 centum
1187 1524 1547 1587 quinquaginta
1575 1520 1726 1572 stadia
1751 1524 2067 1589 protensam,

307 1603 412 1652 ego
431 1589 588 1635 miror
603 1587 750 1636 cerafi
770 1588 1028 1639 nucleum,
1042 1590 1091 1634 in
1112 1588 1336 1636 formam
1354 1587 1520 1635 corbis
1540 1587 1873 1642 elaboratum,
1887 1589 1937 1636 in
1955 1604 2064 1652 quo

309 1650 602 1714 quindecim
623 1650 910 1698 tesserarum
931 1651 1081 1713 paria,
1096 1650 1185 1698 suis
1204 1650 1450 1711 punstulis
1470 1646 1655 1698 affabre
1681 1648 1920 1704 distinsta,
1940 1668 2066 1701 con-

310 1713 619 1763 tinebantur:
659 1728 756 1777 ego
778 1714 938 1761 miror
969 1712 1213 1760 denarioli
1240 1713 1364 1760 illius
1390 1712 1703 1765 orbiculum,
1721 1715 1771 1760 in
1804 1728 1910 1774 quo
1938 1714 2064 1777 sym-

311 1777 495 1826 bolum
518 1773 896 1840 Apostolorum
913 1808 925 1829 ‚
949 1773 1047 1823 una
1067 1791 1186 1823 cum
1212 1776 1486 1839 Evangelio
1512 1775 1580 1823 D.
1605 1776 1841 1832 joannis,
1866 1775 2064 1826 subtilis}

311 1840 441 1889 simo
469 1840 668 1888 calamo
689 1851 962 1891 exaratum,
986 1838 1102 1901 legit
1131 1839 1507 1908 ClemenSQVII.
1533 1838 1763 1886 Pontifex
1778 1839 2061 1890 Romanus,

309 1904 410 1954 Sed
432 1903 555 1965 quid
574 1902 966 1966 Artisprodigia
992 1897 1018 1949 e
1046 1903 1333 1965 longinquo
1358 1901 1723 1963 conquirimus,
1747 1905 1865 1950 cum
1887 1904 2067 1951 dome-

306 1966 425 2017 stica
457 1967 839 2031 propemodum
865 1964 1123 2014 vilescant?
1169 1965 1289 2028 quid
1324 1964 1856 2027 communius,-quam
1892 1967 1967 2015 cic
2027 1967 2065 2016 ‘s

304 2047 465 2098 grano
495 2030 708 2078 inclusos
727 2043 930 2077 cernere
961 2028 1171 2093 cyafflos
1197 2027 1304 2093 plus
1326 2028 1481 2091 quam
1502 2039 1733 2082 centum,
1762 1981 2063 2091 eosqug-

307 2095 484 2159 gulos,
508 2095 694 2142 rotatili
726 2089 891 2140 ansula
913 2125 925 2145 ,
961 2093 1087 2140 infra
1122 2108 1339 2157 cuppam
1365 2088 1658 2140 instruffros?
1694 2092 1814 2154 quid
1844 2092 2064 2142 obvium

307 2155 647 2221 magis,quam
668 2157 840 2205 videre
860 2153 1115 2205 Chri-stum
1135 2153 1340 2233 egnice
1359 2155 1653 2220 pendulum,
1668 2154 1768 2203 una
1790 2170 1908 2204 cum
1923 2156 2066 2205 Lon-

309 2224 438 2285 gini,
467 2235 602 2282 equo
622 2219 872 2268 insidentis
889 2253 905 2272 ,
923 2216 1220 2281 hastamque
1249 2219 1483 2267 vibrantis
1519 2218 1710 2282 effigie,
1733 2218 1958 2281 anserino
1985 2235 2066 2269 ca-

309 2287 450 2334 lamo
472 2283 744 2332 inclusum?
782 2283 885 2331 haec
905 2286 1021 2345 quia
1047 2282 1213 2347 saepius
1236 2282 1359 2336 visa,
1385 2285 1598 2346 pretium
1628 2281 1930 2346 deperdunt,
1952 2298 2066 2333 non

310 2351 520 2400 Artem:
558 2361 669 2407 quae
684 2346 719 2395 ‘si
740 2346 929 2394 vidisset
940 2346 1327 2399 Callicrates,sua
1348 2346 1560 2394 minima
1573 2348 1798 2394 maximis
1815 2360 1923 2394 non
1943 2361 2068 2411 prae-

309 2409 516 2463 tulisset,
537 2408 619 2457 scd
641 2410 776 2459 velut
795 2407 974 2459 nostris
993 2411 1194 2459 minora
1217 2410 1437 2458 minimis
1463 2406 1848 2474 contempsisset.

436 2472 633 2523 LEUC:
704 2470 981 2523 Enimvero
1007 2469 1348 2526 demonstras,
1368 2469 1514 2536 quod
1545 2470 1680 2520 ficut*
1700 2473 1753 2525 in
1784 2471 2063 2537 conchyliis

309 2553 526 2602 gemmae
542 2567 560 2593 ‚¹
580 2539 647 2588 ita
666 2537 718 2588 in
739 2551 890 2601 parva
913 2536 1225 2601 quandoque
1243 2535 1434 2603 pixide,
1457 2550 1641 2602 magna
1670 2535 1823 2586 latere
1833 2536 2059 2653 galeam.

1891 2613 1995 2650 em-
2017 2612 2019 2615 ’
