2177 2905
705 105 904 155 Ariadne
934 105 1125 168 Pbyficae.
1660 107 1750 168 169

59 209 174 252 rum
193 197 419 266 lapidum
437 193 635 264 strepitu
658 200 709 248 in
727 198 901 266 fugam
920 200 1271 259 coniiciuntur.
1340 201 1574 255 maranae,
1608 200 1816 252 Autho-

58 278 114 314 re
133 264 297 314 Plinio
315 297 329 319 ‚
351 262 776 329 vespertilionibus
798 265 1000 314 inimica
1015 282 1028 309 .-
1064 263 1181 313 hinc
1200 300 1212 315 ‚
1250 275 1305 313 ut
1327 262 1354 312 a
1377 265 1503 314 nidis
1524 265 1638 314 illos
1660 265 1816 316 Cico-

58 329 152 376 niae
179 338 379 376 arceant
396 361 409 378 ‚
443 326 576 381 foliis
600 327 787 376 Platani
805 328 1040 377 muniunt
1058 325 1272 376 excelsos
1293 328 1459 377 Lares.
1527 327 1682 390 Aqua
1709 340 1814 375 rutae

61 390 271 440 decoCta
292 422 307 444 ‚
339 389 573 438 conclavi
595 389 775 454 aspersa
804 422 818 445 ,
853 391 1076 439 eliminat
1097 390 1285 440 muscas
1306 422 1319 443 ,
1348 389 1550 454 agitque
1570 393 1621 438 in
1640 390 1815 453 fugam

60 453 277 518 pulices,
295 449 567 501 molestum
589 453 772 502 animal
797 487 810 508 ‚
846 453 899 510 ijs
929 455 1071 518 praeci
1109 450 1172 502 ue
1203 486 1216 507 ,
1254 467 1383 516 quos
1414 455 1587 518 pluteo
1622 452 1816 503 firmius

61 515 216 580 affigit
238 515 410 565 Pallas,
498 517 733 562 fraxinum
755 515 820 565 sic
847 516 1020 565 exosus
1040 533 1066 565 e
1126 518 1336 582 Serpens
1356 549 1369 570 ‚
1390 529 1446 564 ut
1466 519 1516 567 <Sc
1535 515 1738 565 horreat
1762 517 1818 564 il-

61 579 154 628 lius
179 578 414 627 umbram
444 610 458 632 ‚
494 579 757 628 Pavonem
776 577 901 629 vcro
924 578 989 627 sic
1011 579 1256 633 aversatur
1286 612 1300 634 ,
1336 591 1391 628 ut
1412 594 1507 628 nec
1534 594 1721 628 vocem
1742 578 1816 627 su-

17 698 29 704 *
62 639 251 690 stineat.
284 641 462 690 Cauda
498 641 634 705 lupi,
666 643 718 689 in
753 642 988 706 praesepio
1018 641 1236 708 suspensa
1258 675 1270 696 ‚
1297 642 1532 707 prohibet
1553 657 1730 706 equoS,
1750 655 1817 690 ne

62 704 354 754 comedant.
422 704 586 769 Lyra,
620 704 895 768 vulpeculae
927 703 1108 754 fidibus
1131 708 1347 754 animata
1369 738 1382 759 ‚
1419 706 1620 754 caninas
1652 706 1703 754 in
1740 704 1816 754 fu-

62 783 179 832 gam
209 771 385 816 vertit:
420 766 705 831 serpentum
729 766 853 816 vero
883 769 1045 817 nervis
1067 780 1282 821 armata,
1307 743 1723 832 ipfisssiominibus
1744 769 1816 816 in-

65 832 187 879 cutit
208 841 487 882 terrorem:
524 828 641 877 hinc
671 830 864 879 Zischas
894 831 1102 893 quidam
1133 864 1147 884 ,
1178 827 1406 879 haeretica
1428 827 1456 879 ὲ
1477 831 1617 879 caula
1641 831 1691 879 lu
1729 844 1816 885 us,

67 894 146 940 vcl
171 891 205 940 fi
230 894 385 941 mavis
411 893 584 956 vulpes
606 891 751 940 simul
771 925 784 945 ‚
814 895 864 942 ὅ(
890 893 1110 957 serpens,
1133 892 1500 943 detrahendum
1520 893 1608 942 fibi
1624 907 1694 958 po
1713 890 1819 941 ’cfa-

65 967 115 1003 ta
133 957 332 1004 corium
349 987 363 1007 ,
388 967 636 1019 tympano
668 957 818 1018 aptari
848 954 989 1011 jussit,
1006 971 1070 1004 eo
1097 955 1224 1011 fine,
1247 968 1302 1005 ut
1315 952 1581 1006 Christiani
1601 989 1613 1011 ,
1636 956 1819 1019 quibus

65 1019 243 1066 terrori
261 1017 423 1065 fuerat
441 1019 612 1066 vivens
626 1049 639 1070 ,
660 1015 966 1081 antipathico
984 1020 1170 1068 timore
1189 1019 1394 1084 perculsi
1412 1052 1426 1074 ,
1449 1021 1610 1068 etiam
1632 1018 1660 1068 a
1679 1033 1819 1067 mor·

66 1093 160 1130 tuo
182 1083 234 1129 in
261 1080 434 1143 fugam
456 1091 887 1128 converterentur.
956 1081 1140 1141 Elephas
1168 1082 1230 1130 ad
1252 1093 1496 1130 armatam
1517 1081 1821 1147 phalangem

67 1143 348 1209 impavidus
371 1175 385 1195 ,
403 1142 465 1190 ad
484 1141 735 1190 nefrendis
756 1144 1050 1206 grunnitum
1069 1159 1193 1193 mox
1221 1157 1356 1208 terga
1374 1147 1535 1193 vertit.
1601 1148 1822 1205 Hippopo-

65 1220 230 1254 tamum
248 1238 261 1260 ,
278 1208 328 1256 ὃς
345 1209 531 1252 Leonem
549 1203 948 1260 (irhanemhunc
960 1205 1234 1256 hominum
1246 1205 1519 1263 terrorem)
1542 1210 1716 1256 unicus
1728 1218 1822 1255 ter-

65 1281 145 1320 ret
165 1268 457 1335 ephebulus,
473 1267 701 1378 taedaque
714 1265 978 1318 straminea
988 1283 1171 1318 eorum
1184 1272 1454 1320 exercitum
1468 1271 1517 1318 in
1531 1270 1704 1335 fugam
1714 1285 1822 1318 ver-

67 1337 144 1382 tit.
211 1334 334 1382 Haec
352 1332 420 1380 illi
438 1333 490 1381 in
518 1347 600 1379 me
636 1333 747 1381 'ium
776 1334 1113 1397 experimenta
1136 1365 1149 1386 ,
1178 1327 1206 1382 ὲ
1235 1332 1487 1396 quibusad
1505 1334 1732 1383 Laurum
1755 1331 1822 1381 fic

63 1398 261 1446 ‘ducunt
283 1396 499 1457 denique
513 1395 821 1459 parallelum.
888 1396 946 1443 In
958 1391 1094 1444 hisce
1105 1398 1309 1446 Naturae
1332 1393 1587 1461 mysteriis,
1601 1396 1719 1445 facit
1738 1411 1823 1444 an-

70 1459 274 1525 tipathia
296 1458 526 1522 quaedam
548 1459 835 1521 congenita,
854 1456 953 1507 five
973 1458 1087 1506 dein
1109 1474 1196 1523 per
1219 1460 1476 1522 qualitates
1497 1458 1823 1514 occultas,vel

71 1525 274 1572 inimica
296 1520 711 1585 corpusculorum
743 1518 969 1575 effluvia,
995 1534 1049 1570 ut
1076 1521 1181 1570 haec
1211 1524 1273 1571 ab
1296 1522 1386 1570 illis
1409 1537 1517 1572 non
1546 1520 1713 1572 modo
1739 1521 1823 1571 ab·

71 1584 335 1645 horreant,
355 1583 436 1632 sed
463 1587 513 1634 ὅς
533 1584 794 1648 refugiant.
863 1584 970 1634 Cur
990 1585 1136 1649 igitur
1158 1584 1324 1634 similis
1353 1601 1473 1634 cum
1492 1582 1698 1634 inimica
1720 1586 1823 1634 lau-

66 1665 132 1698 'ro
160 1646 403 1697 discordia
426 1646 573 1695 incise
599 1646 798 1695 fulmini
823 1650 1070 1710 nequeat?
1114 1644 1247 1697 certe
1274 1645 1493 1699 constat,
1515 1644 1542 1697 ὲ
1562 1649 1734 1698 Lauro
1754 1649 1823 1698 vi-

71 1725 213 1762 rente
225 1709 389 1778 spirari
409 1709 586 1760 halitus
607 1742 621 1764 ,
647 1712 733 1773 qui
761 1722 1037 1760 venenatos
1053 1711 1244 1776 pellunt
1269 1714 1392 1760 aeris
1413 1711 1602 1775 spiritus
1617 1743 1630 1765 ,
1650 1723 1705 1760 ut
1723 1713 1824 1761 Im-

73 1786 273 1841 perator
291 1773 620 1824 Commodus
633 1770 762 1822 testis
783 1769 851 1821 est
865 1806 878 1827 ,
893 1774 1308 1837 quiMedicorum
1327 1774 1540 1823 confilio
1553 1807 1565 1828 ‚
1585 1773 1826 1837 graffante

76 1834 357 1902 epidemica
383 1836 491 1888 lue,
512 1838 562 1883 in
576 1835 926 1898 sylvaslaureas
955 1835 1234 1885 seceffit:ut
1257 1834 1401 1901 plane
1431 1852 1540 1886 non
1566 1849 1825 1900 appareat,

75 1916 164 1949 cur
184 1898 405 1947 exhalata
417 1894 444 1944 ὲ
457 1900 625 1946 Lauro
636 1897 1028 1949 virtus,fulminis
1041 1914 1250 1962 vapores
1263 1895 1517 1963 pestiferos
1533 1898 1729 1961 abigere
1746 1914 1829 1948 ne-

79 1973 232 2026 queat
251 1994 264 2017 ,
298 1964 346 2011 &
370 1957 556 2008 difflare
578 1961 599 2006 ἓ
634 1957 776 2022 quod
798 1958 830 2008 fi
853 1971 1078 2009 mentem
1102 1975 1271 2008 meam
1296 1962 1518 2023 exquiras
1537 1993 1552 2014 ,
1591 1963 1644 2010 in
1665 1961 1826 2026 hypo-

78 2024 201 2076 thesi
219 2061 232 2076 ‚
256 2022 528 2073 asseverans
547 2023 598 2071 id
616 2021 772 2071 affero
794 2054 806 2076 ‚
818 2021 948 2081 sistet
959 2023 1129 2072 Lauro
1144 2021 1171 2072 ὲ
1187 2024 1320 2081 Jove
1331 2022 1629 2072 fulminante
1642 2026 1828 2073 immu-

77 2091 233 2142 nitas,
256 2100 394 2137 totus
414 2086 544 2136 abeo
563 2088 613 2134 in
635 2085 824 2135 horum
841 2085 1132 2135 sententiam
1155 2118 1169 2139 ,
1200 2101 1293 2135 nec
1321 2086 1411 2134 illis
1442 2083 1586 2135 facile
1624 2102 1708 2136 nie
1738 2089 1828 2136 eri-

81 2154 220 2219 pient
246 2149 464 2200 Thraces
480 2182 492 2204 ‚
516 2145 726 2212 saevi'que
747 2149 931 2198 Getuli.
982 2148 1165 2198 Thesin
1221 2149 1327 2198 uod
1345 2151 1519 2198 attinet
1538 2182 1551 2204 ,
1574 2165 1636 2198 an
1657 2149 1715 2198 sit
1735 2154 1828 2198 im-

79 2216 247 2265 munis
269 2246 282 2267 ,
311 2228 393 2261 me
417 2212 598 2262 vadem
622 2228 727 2262 non
746 2216 1018 2276 interpono
1040 2229 1051 2259 t
1078 2215 1128 2260 in
1147 2211 1215 2260 hii
1243 2214 1385 2261 orico
1406 2212 1637 2261 tribunali
1657 2213 1710 2261 lis
1730 2216 1828 2277 agi-

81 2290 163 2328 tur
183 2311 196 2332 ‚
223 2279 350 2325 circa
374 2276 517 2338 quod
547 2274 794 2324 discordes
818 2277 971 2324 animi
998 2275 1303 2324 colliduntur
1328 2293 1338 2322 :
1366 2276 1434 2322 hic
1464 2277 1530 2321 ait
1547 2311 1560 2326 ,
1590 2277 1824 2337 illenegat‚·

81 2358 215 2405 neque
235 2338 424 2385 omnibus
449 2355 577 2384 unum
598 2338 650 2391 est
664 2371 677 2392 ,
709 2340 815 2401 quod
829 2339 972 2398 placet
985 2356 998 2383 .·
1020 2339 1087 2385 hic
1097 2338 1238 2398 spinas
1261 2340 1420 2398 colligit
1445 2373 1460 2389 ‚
1480 2340 1550 2384 ille
1571 2338 1694 2396 roJZzs.

243 2402 440 2453 LEUC:
507 2399 633 2452 Alio
657 2402 755 2458 iam
775 2400 918 2451 filum
941 2404 1146 2466 porrigit
1167 2400 1391 2450 Ariadne
1415 2399 1617 2466 Phyfica
1641 2418 1654 2454 3
1682 2403 1732 2449 in
1760 2401 1825 2451 la-

82 2466 322 2534 picidinas
340 2467 426 2515 Ma
463 2466 557 2514 icas
571 2497 585 2519 ,
609 2466 659 2512 in
679 2465 910 2530 hypogea
931 2466 1177 2514 metallica
1189 2478 1284 2513 nos
1301 2465 1478 2514 invitat
1500 2463 1609 2519 ,ubi
1623 2466 1711 2514 suis
1724 2465 1827 2513 Na-

85 2543 198 2583 tura
217 2529 392 2587 divitijs
434 2528 628 2596 uperbit
651 2561 666 2587 ‚
687 2540 837 2593 atque
864 2530 1074 2645 rariplres
1095 2526 1352 2580 abscondit
1379 2530 1506 2579 intra
1523 2526 1703 2638 viis-cera
1721 2525 1828 2575 the·

1339 2600 1345 2609 ·
1596 2603 1760 2642 aures,

1848 1583 1959 1643 apud
1973 1584 2064 1631 He.

1851 1647 1941 1694 rod.

1856 2272 2034 2318 Petron-
