2177 2905
429 101 447 135 1
459 89 515 138 28
991 86 1229 136 Academia
1253 89 1503 139 Brutorum.

360 187 639 247 pagaretur.
706 173 862 223 MEL:
930 175 1134 226 Saulem
1157 175 1250 226 effe
1274 180 1401 227 inter
1414 175 1707 244 Prophetas,
1722 178 1988 242 quondam
2006 178 2112 231 fue-

359 256 436 293 rat
454 239 792 306 paradoxum:
830 240 952 303 quid
972 240 1164 295 dicam,
1187 240 1219 289 fi
1240 255 1294 291 tu
1324 241 1611 292 hirundines
1627 275 1639 297 ,
1662 257 1850 304 equos,
1875 247 1926 294 ὅ(
1949 243 2110 294 simias

360 304 663 371 prophetico
691 300 884 352 afflatos
903 305 1086 369 Spiritu
1111 304 1350 354 defendas
1376 307 1426 352 in
1449 316 1541 354 tuo
1561 307 1824 369 Peripato?
1868 322 2023 378 apage
2041 310 2112 356 in-

357 368 501 422 sulsa,
525 383 634 431 quae
655 369 772 430 quia
795 368 976 421 nimia,
997 369 1043 416 se
1066 369 1110 417 se
1131 366 1263 417 ultro
1292 379 1541 416 evertunt.
1640 371 1689 418 Si
1723 372 1936 434 argutari
1961 373 2026 419 he
2058 370 2112 419 li-
2164 394 2167 397 -

359 432 491 484 beat,
513 447 621 481 non
639 432 889 479 rationem
911 429 1096 484 modo,
1110 430 1191 479 sed
1210 430 1517 479 intellectum
1542 431 1804 496 plusquam
1824 432 2111 483 humanum

359 495 612 547 concedas
631 495 789 543 Brutis
805 527 817 550 ,
839 492 1089 543 necessum
1111 491 1194 542 est.
1295 495 1542 558 Numquid
1565 498 1701 544 enim

682 559 785 604 Nos
813 569 915 618 aper
934 558 1085 604 auditu
1104 559 1328 618 praecellz't,
1351 574 1508 604 aranea
1535 558 1680 611 tastu,

682 620 841 669 Vultur
865 623 1067 673 odoratu,
1091 622 1192 682 lynx
1208 621 1326 679 visit,
1341 621 1635 681 fimiaegustu?

361 687 510 752 Qis,
532 684 700 748 quaeso
714 717 727 738 ,
751 684 1052 733 Mortalium
1074 683 1310 734 conficiet
1332 685 1450 738 mel,
1471 685 1525 734 ut
1543 686 1686 750 apes?
1720 685 1828 749 quis
1847 684 2022 735 herba-s
2041 685 2112 734 di-

359 752 568 816 gnoscet
595 748 876 811 frangendo
901 748 1064 801 ferro,
1092 748 1331 812 pellendis
1359 751 1589 801 venenis,
1614 749 1897 813 reparanda:
1926 752 2114 807 Juven-

360 826 421 863 tae
440 813 665 864 idoneas,
686 810 742 858 ut
757 812 893 874 picae,
917 807 1154 864 mustelae,
1175 811 1446 874 serpentes?
1483 814 1591 872 quis
1610 812 1798 858 futuras
1820 808 1973 874 pestes
1994 828 2112 875 prae-

360 878 535 940 sagiet,
558 875 696 924 velut
727 875 966 922 ciconiae?
1011 874 1288 921 tenendum
1315 876 1461 936 igitur
1484 870 1678 936 primo:
1714 869 1862 935 quod
1889 872 2011 922 ficut
2038 876 2111 923 vis

360 936 559 1007 plastica
590 952 807 986 omnem
834 935 1124 984 industriam
1157 938 1349 999 superat
1375 971 1386 986 ‚
1424 951 1482 984 ac
1512 938 1764 984 rationem
1788 935 2112 992 humanam,

363 1019 474 1053 non
504 998 647 1065 quod
673 1001 938 1063 intelligat,
968 998 1048 1046 sed
1071 998 1217 1060 quod
1249 999 1564 1063 intelligentis
1585 999 1703 1048 DEI
1730 997 1787 1047 fit
1814 996 2111 1049 instrumen-

363 1077 494 1118 tum,
513 1067 578 1113 ita
601 1079 708 1112 non
732 1061 951 1111 absimile
967 1061 1225 1125 quidpiam
1250 1060 1311 1109 de
1332 1063 1512 1112 virtute
1533 1063 1807 1111 Brutorum
1824 1060 2113 1114 aestimativss.

367 1127 674 1179 censendum
697 1123 782 1173 est.
883 1126 1011 1175 Non
1031 1125 1228 1174 inficior
1240 1123 1360 1179 ado,
1385 1127 1485 1174 vim
1509 1124 1785 1174 sensitivam
1815 1126 2111 1176 animalibus

363 1192 458 1242 csse
481 1188 638 1254 magis
661 1188 886 1237 subtilem
901 1223 913 1239 ‚
938 1200 1088 1251 atque
1111 1185 1229 1237 ideo
1253 1188 1317 1236 ad
1337 1189 1711 1237 elementorum
1729 1188 1968 1244 influxus,
1994 1205 2113 1254 prae-

292 1299 299 1303 .
354 1254 567 1318 'via'sque
588 1249 845 1316 spalitates
866 1252 1202 1316 percipiendas
1220 1285 1231 1305 ,
1256 1249 1412 1316 magis
1432 1252 1692 1305 idoneam,
1714 1250 1833 1300 cum
1858 1251 1951 1300 sint
1972 1267 2114 1302 men-

364 1323 424 1370 tis
451 1329 673 1370 exortes,
695 1330 859 1378 neque
890 1315 1046 1364 sensus
1082 1314 1356 1365 intelleffiis
1379 1313 1651 1372 ministeriis
1681 1313 1746 1363 fic
1776 1327 2109 1379 occupentur.

365 1380 674 1436 Tenendum
714 1379 932 1441 denique
957 1413 969 1432 ,
1003 1394 1111 1428 non
1148 1378 1261 1428 raro
1295 1380 1517 1428 occultas
1555 1378 1583 1426 a
1618 1379 1787 1427 Genio
1815 1379 1992 1442 Sryoio
2019 1380 2114 1428 mi-

114 1442 310 1505 Augustae
367 1447 482 1498 sceti
506 1441 788 1509 praestigias:
811 1443 930 1496 vidi,
952 1442 1076 1490 dum
1099 1446 1375 1492 etiamnum
1399 1457 1521 1506 puer
1541 1442 1748 1491 Palladis
1778 1415 2007 1490 merebar
2036 1440 2114 1491 sti-

114 1511 243 1564 νικά,
368 1509 548 1576 pendia
565 1538 578 1560 ‚
600 1521 791 1569 equum
815 1505 1064 1562 ejusmodi
1078 1539 1090 1560 ,
1112 1506 1251 1570 supra
1270 1506 1510 1569 Pegasum
1536 1506 1737 1554 occulta
1759 1519 1969 1567 quaeque
1991 1506 2113 1555 divi-

366 1584 600 1624 nantem,
624 1585 778 1633 quem
802 1582 972 1617 tamen
997 1570 1060 1618 ad
1082 1585 1236 1632 rogos
1268 1569 1566 1619 damnatum
1582 1601 1595 1623 ‚
1614 1566 1893 1632 Stygioque
1914 1565 2116 1619 Alasto-

210 1658 240 1693 ῃ
367 1640 407 1688 ri
425 1634 638 1700 jugalem
662 1633 858 1685 datum,
882 1630 1023 1681 brevi
1035 1636 1184 1681 Fama
1202 1632 1506 1694 vulgaverat.
1792 1675 1795 1678 ,

114 1707 248 1769 Apud
490 1696 689 1748 LEUC:
758 1696 886 1744 Non
906 1693 1037 1744 adeo
1062 1708 1155 1743 tuae
1176 1709 1261 1742 me
1281 1693 1541 1742 adversum
1553 1696 1817 1744 Sententiae
1838 1691 2027 1743 fateor:
2050 1711 2116 1747 ne

114 1771 316 1822 Toletum
365 1775 541 1813 tamen
564 1756 760 1826 penitus
790 1757 1264 1811 subscribam,·mira
1294 1759 1345 1805 in
1364 1757 1522 1806 Brutis
1551 1755 1715 1807 obstat
1745 1756 2005 1820 disciplinae
2035 1775 2115 1810 ca-

116 1834 326 1883 P.Claud.
362 1827 572 1894 pacitas,
595 1838 750 1886 quam
779 1820 880 1870 sine
908 1823 1112 1870 rationis
1138 1820 1450 1870 adminiculo
1474 1824 1554 1869 vix
1582 1820 1895 1884 persuaderes
1916 1853 1931 1876 ,
1966 1837 2115 1885 quam-

118 1901 254 1948 ,Frere
363 1895 431 1939 vis
450 1888 530 1949 ipfiss·
552 1902 626 1935 tuo
649 1885 828 1932 Phoebus
845 1886 1091 1947 loqueretur
1107 1884 1161 1930 ab
1192 1900 1279 1932 ore.
1380 1884 1439 1930 In
1463 1881 1673 1939 historiis
1708 1883 1810 1932 scio
1833 1898 1882 1932 te
1909 1899 2004 1934 nec
2031 1901 2114 1951 pe.

202 1961 236 2009 ι)
365 1953 638 2017 regrinum,
660 1964 753 1996 nec
774 1948 1042 2014 hospitem,
1066 1948 1183 2013 hine
1215 1945 1466 1996 seleffiora
1489 1947 1686 1995 tantum
1715 1949 1767 1996 in
1788 1949 2019 1997 medium
2046 1953 2115 2002 af:

119 2025 331 2076 inTheor.
367 2020 479 2069 fero
497 2048 511 2068 ,
536 2029 629 2065 tuo
654 2048 667 2070 ,
696 2011 730 2061 si
754 2012 938 2064 lubeat,
969 2012 1167 2061 calculo
1191 2008 1493 2059 enucleatius
1522 2010 1854 2066 dijudicanda.
1909 2028 1937 2061 a
1973 2013 2118 2082 Qid

113 2087 269 2156 phyfic.
368 2083 550 2145 exiguo
570 2093 714 2128 mure
739 2075 894 2125 videri
915 2074 1073 2140 poffet
1095 2074 1158 2123 ad
1181 2074 1450 2137 disciplinas
1480 2074 1722 2137 ineptius?
1757 2076 1807 2123 ὃς
1828 2085 2028 2132 tamen,
2050 2078 2117 2129 ad

118 2149 319 2210 Metaph.
370 2146 476 2195 heri
497 2143 800 2206 Imperium,
831 2139 1094 2187 candelam
1123 2137 1395 2202 hospitibus
1418 2136 1647 2200 praeferre
1675 2137 1854 2187 doctus
1878 2136 1970 2192 est,
1994 2155 2120 2192 ocu.

118 2223 164 2267 s.
199 2227 273 2261 11.
369 2210 473 2258 lato
495 2202 615 2255 teste
634 2207 830 2268 Magno
851 2202 1094 2252 Alberto:
1132 2202 1164 2251 b
1199 2200 1468 2254 Sacerdos,
1486 2214 1641 2262 quem
1663 2202 1838 2251 mirata
1856 2199 1926 2250 est
1951 2219 2117 2267 quon..

119 2279 250 2332 concl.
278 2288 320 2333 3.
371 2272 491 2321 dam
513 2269 768 2322 Helvetia,
791 2267 921 2316 felici
949 2260 1469 2330 prorsus⁷Magisterio,
1494 2263 1558 2311 lic
1582 2261 1787 2314 instituit
1819 2281 2042 2323 murem,
2062 2273 2115 2322 <Sc

372 2335 527 2385 felem
543 2367 556 2387 ,
576 2347 724 2381 avem
742 2365 755 2384 ,
779 2333 832 2381 &
854 2344 1063 2383 canem,
1087 2343 1142 2380 ut
1176 2326 1416 2393 cymbalo
1445 2331 1747 2381 convocati,
1770 2326 1905 2377 illico
1935 2331 1998 2379 ad
2024 2348 2115 2381 cae-

123 2408 241 2458 Plin,
254 2404 338 2451 με,
373 2413 492 2448 nam
519 2397 566 2445 se
585 2391 829 2448 fisterent,
846 2391 1055 2454 raraque
1079 2388 1383 2443 concordia,
1407 2390 1609 2457 sumptis
1635 2407 1693 2439 ex
1713 2388 1893 2441 eadem
1919 2392 2120 2446 scutella

122 2489 161 2522 c,
181 2467 341 2521 Lm&
374 2462 492 2511 cibis
513 2460 558 2510 se
579 2458 623 2508 se
644 2456 919 2506 reficerent.
970 2472 998 2505 c
1050 2458 1191 2524 Quid
1215 2455 1290 2503 ele
1327 2453 1486 2504 hantis
1515 2457 1657 2505 mole
1693 2452 1851 2518 magis
1887 2457 2119 2507 incondi-

127 2549 172 2600 ς.
374 2525 513 2578 tum?
548 2526 600 2578 δε
621 2520 950 2573 nihilominus
967 2520 1054 2573 vili
1073 2524 1185 2573 sunt
1212 2533 1297 2570 am
1336 2519 1472 2570 ulare
1495 2522 1550 2570 in
1570 2516 1801 2575 funibus,
1819 2517 2025 2569 saltitare
2053 2520 2120 2572 ad
2170 2581 2173 2583 ⁵

1900 2597 2080 2635 nume-
