2132 2916
649 101 784 166 'sayna
811 113 942 171 atque
970 100 1211 169 Chasybffi.
1445 146 1447 150 .
1647 116 1733 167 113

25 218 174 260 mens
207 199 281 252 est
311 211 372 251 ex
401 195 540 250 oculi
571 200 778 250 maculis
797 233 811 256 ‚
845 202 1046 251 auribus
1087 198 1407 251 emendicare
1445 194 1796 265 splendorem:

25 295 31 302 «
67 285 127 319 ro
151 262 348 317 auditus
373 262 668 313 defensione
689 260 914 330 allegasse
931 265 1140 315 sufficiat
1158 265 1382 330 palmare
1399 265 1628 328 gentium
1648 263 1796 328 Apo--

79 333 151 382 oli
178 327 555 382 testimonium,
574 341 682 390 quo
714 328 914 379 mundo
931 325 1195 378 attestante
1224 326 1444 381 asseruit,
1471 325 1698 392 perfectae
1725 326 1796 375 fe-

34 397 229 447 licitatis
263 387 444 442 nostrae
475 390 872 440 fundamentum
904 394 957 443 ὅς
990 394 1241 456 originem
1270 390 1442 439 haberi
1476 389 1539 438 ab
1569 389 1794 446 auribu8,

34 475 116 509 cas
137 455 447 506 effevirtutis
475 455 715 502 omnium
737 457 909 519 primae
936 455 1188 509 radicem,
1210 454 1336 503 illius
1362 467 1547 517 nempe
1574 454 1794 507 virtutis,

37 522 139 573 fine
169 535 270 584 qua
307 516 611 583 impoffibile
645 522 714 565 eit
745 518 941 581 placere
967 519 1141 568 DEO:
1191 533 1311 566 nam
1334 515 1440 574 fides
1467 514 1521 568 est
1544 531 1598 562 ex
1627 517 1793 563 auditu,
1832 519 2041 566 Rom-10.

37 586 314 650 Capiantur
335 582 473 630 oculi
492 579 676 631 Phoebi
697 579 1000 631 lucidissimis
1031 581 1191 636 radiis,
1215 593 1265 628 at
1284 578 1601 628 excellentius
1620 579 1798 630 lumen
1829 600 1878 631 v.
1897 593 1969 640 17.

35 663 124 715 per
151 661 292 696 aures
314 644 553 693 illabitur:
590 658 664 691 res
684 644 941 708 praesent-es
972 643 1110 693 oculi
1131 646 1376 692 mirentur
1392 676 1405 697 ,
1428 657 1514 707 per
1536 641 1692 692 fidem
1716 658 1800 693 au-

38 712 174 762 ribus
202 720 479 773 exceptam,
492 706 660 756 futura
680 722 891 770 quoque
912 720 1259 772 penetramus:
1281 705 1538 755 coloribus
1554 705 1799 756 delecten-

39 787 120 823 tur
159 773 299 823 oculi
327 772 609 835 variegatiS,
632 786 690 818 ac
724 771 939 819 caeruleo
963 771 1240 820 Coelorum
1263 769 1480 834 aspestu:
1525 780 1576 817 at
1599 771 1798 819 aurium

38 836 256 887 subsidio
270 868 283 889 ,
304 834 370 883 fic
390 835 573 882 mentis
596 835 749 887 acies,
773 850 832 882 ac
863 832 985 884 fides
1007 834 1306 887 roboratur,
1326 845 1398 888 ut,
1425 830 1484 881 ea
1500 828 1796 888 illustrante,

40 902 214 950 saltem
231 901 282 947 in
305 899 569 961 aenigmate
589 897 1001 963 contemplemur
1023 898 1242 948 DEUM‚
1265 896 1408 945 nullo
1428 897 1656 960 corporis
1677 911 1798 946 ocu-

42 965 97 1012 lo
119 961 463 1028 speetabilenn
484 973 540 1009 ut
561 972 744 1008 aeterna
760 960 963 1024 gaudia,
990 973 1045 1009 ut
1067 957 1514 1027 profundiffimum
1535 958 1801 1008 damnato-

42 1042 160 1076 rum
181 1039 450 1074 carcerem,
466 1021 660 1087 aliaique
682 1020 1243 1088 mysteria,caeteroquin
1262 1020 1665 1077 obscuriffima,fi
1688 1038 1800 1072 non

43 1084 202 1142 clare,
229 1082 507 1136 indubitate
537 1098 711 1135 tamen
734 1087 1111 1152 perscrutemur.
1180 1089 1296 1145 Jam
1318 1084 1476 1141 vero,
1499 1101 1620 1149 quae,
1637 1086 1800 1135 malo·
1844 1134 1851 1140 ,

42 1167 160 1202 rum
192 1152 462 1214 excogitari
487 1149 627 1198 series
656 1152 867 1214 poterit,
899 1165 1055 1213 quam
1082 1166 1193 1199 non
1222 1162 1495 1199 contexere
1522 1148 1678 1198 soleat
1709 1164 1798 1214 par
1832 1147 1853 1165 ⁸

45 1217 256 1265 unicum
289 1214 607 1262 oculorum?
657 1215 774 1260 vidit
798 1213 1076 1263 Mulierum
1115 1215 1275 1278 prima
1298 1213 1525 1274 pulchram
1564 1213 1691 1259 ocultis
1721 1223 1800 1272 po-

43 1294 186 1326 mum.-
225 1280 276 1328 ὃς
304 1279 420 1340 quia
449 1275 601 1331 vidit,
627 1274 858 1341 serpentis
882 1274 1070 1326 invidia
1098 1273 1266 1341 periit:
1305 1277 1497 1342 aperuit
1523 1275 1800 1325 oculorum

39 1339 269 1400 fenestras,
291 1342 344 1390 &
364 1336 528 1388 statim
557 1340 746 1385 intravit
770 1355 908 1390 mors,
935 1355 993 1388 ac
1011 1355 1100 1404 per
1123 1354 1303 1388 omnes
1323 1339 1558 1387 homines
1582 1350 1800 1404 pertran-
1839 1346 2050 1407 Jerem3

45 1404 180 1454 sivit:
218 1405 309 1451 cn!
343 1401 720 1451 lamentabilem
742 1402 911 1451 casum
930 1434 944 1456 ‚
966 1402 1107 1467 supra
1128 1416 1285 1466 quem
1303 1401 1577 1451 Mellifluus
1605 1403 1799 1451 aculea-
1990 1423 1994 1425 “

46 1480 153 1516 tam
174 1462 542 1530 apostrophent
571 1465 672 1527 quid
690 1476 812 1511 taam
841 1477 1023 1511 mortem
1047 1477 1139 1512 tam
1163 1465 1326 1512 intente*
1347 1467 1556 1512 intueris?
1601 1466 1799 1528 qaidspe-

49 1531 167 1580 flare
184 1528 316 1582 libet,
334 1528 445 1593 quod
477 1528 730 1574 manducare
760 1544 840 1574 non
859 1529 994 1575 licet?
1029 1528 1103 1587 ctfi
1125 1529 1302 1590 aspicere
1323 1529 1444 1589 culpa
1466 1544 1546 1575 non
1573 1528 1648 1582 est,
1676 1530 1800 1589 culpa

48 1607 193 1640 tamen
209 1590 361 1650 occafio
378 1589 461 1645 est}
497 1591 586 1641 en!
610 1590 780 1651 ‚serpens
800 1594 991 1651 porrigit
1010 1602 1212 1652 pomam,
1245 1594 1301 1640 &⁰
1319 1591 1503 1652 fitrripit
1529 1592 1797 1649 Paradaefhm.

49 1654 220 1724 Qid,
241 1653 457 1710 amabo,
478 1654 530 1702 in
548 1653 689 1703 causa
720 1651 817 1709 est,
840 1655 986 1718 quod
1014 1656 1228 1705 Divinus
1260 1655 1465 1709 Psaltes,
1488 1657 1538 1706 ὃς
1567 1656 1715 1705 DEO
1750 1657 1800 1705 &

46 1719 251 1769 homini
273 1717 431 1767 fidem
448 1729 556 1766 tam
575 1713 764 1782 perfide
785 1721 996 1783 ruperit,
1024 1718 1113 1768 nifi
1135 1718 1340 1768 oculus?
1377 1717 1542 1766 dicere
1575 1730 1797 1783 poterat:

47 1782 101 1829 at
125 1783 246 1833 vidi,
272 1781 324 1827 at
342 1782 484 1841 perij,
506 1783 556 1827 at
582 1797 648 1827 me
669 1781 807 1827 maluo·
825 1781 997 1835 abstulit
1022 1799 1169 1830 error:
1206 1797 1363 1846 quem
1379 1783 1431 1830 in
1451 1796 1674 1833 errorem
1699 1781 1802 1829 bel-

48 1841 98 1895 Ιὲ
123 1846 191 1895 D.
207 1843 432 1894 Bafilius:
469 1843 563 1904 ipfis
585 1842 707 1902 Justi
737 1845 866 1891 oculis
886 1846 979 1902 ufits
1003 1845 1059 1899 est
1079 1844 1271 1892 diabolas
1290 1856 1371 1905 pro
1398 1846 1483 1890 telo
1499 1876 1512 1898 ,
1540 1846 1596 1892 &⁶
1619 1860 1802 1890 momen-

51 1920 96 1955 to
122 1907 150 1955 a
180 1910 259 1954 via
286 1909 471 1954 virtutis
498 1905 722 1966 abreptum
758 1907 1012 1954 deturbavit
1042 1911 1086 1953 in
1108 1919 1302 1968 praceps.
1379 1906 1521 1971 Qid
1539 1908 1687 1971 igitur
1709 1908 1802 1954 mi·
1834 1897 1989 1944 Seleuc-

51 1986 185 2026 rum,
207 1967 353 2034 quod
371 1970 607 2019 Seleucus
627 1969 961 2019 Locrensium
974 1971 1253 2034 Legislator
1274 1969 1505 2019 adulteris
1526 1970 1804 2019 evelliocu-
1838 1976 1899 2007 ΟΥ·
1918 1972 1991 2019 ,17-

52 2034 132 2083 los
161 2033 364 2090 jufferit,
389 2046 593 2097 tanquam
618 2036 763 2080 Duces
796 2035 852 2080 Θ
885 2045 1078 2094 raptores
1112 2034 1166 2079 ad
1194 2034 1392 2094 culpam?
1436 2031 1558 2095 quid
1587 2034 1804 2086 mirum,

58 2093 206 2158 quod
229 2097 341 2145 illos
360 2096 619 2146 Salvianus
635 2097 854 2142 naturales
870 2099 1016 2142 anima
1037 2097 1246 2144 cuniculos
1268 2094 1538 2162 appellarit,
1553 2098 1639 2159 qui
1659 2093 1808 2145 unic&

55 2155 261 2207 scintilla
281 2159 441 2210 lascivi
468 2157 673 2209 intui-tus
691 2156 1369 2224 incendantur,stragemque
1389 2159 1553 2210 edant,
1578 2159 1723 2208 nullis
1738 2159 1804 2208 la-

58 2218 686 2294 crymisxrcstinguendam.
756 2223 897 2292 Qid
919 2225 1137 2277 mirum,
1161 2221 1304 2286 quod
1330 2224 1518 2273 Seneca
1546 2218 1806 2271 christiane

59 2285 283 2335 omnino
307 2284 502 2339 dixerit,
535 2287 672 2333 oculos
692 2286 897 2344 scelerum
924 2289 1111 2332 omnium
1136 2290 1305 2338 Duces,
1333 2289 1383 2337 ὃς
1412 2288 1689 2333 irritamenta
1716 2301 1805 2332 ma·
1836 2290 1868 2339 l,
1887 2301 1928 2337 2.
1954 2293 2004 2336 de

0 2372 1 2380 κ
57 2349 212 2398 loram,
242 2359 297 2396 ut
316 2347 413 2412 ipsa
434 2347 534 2403 jam
555 2351 762 2404 caecitas,
778 2348 871 2398 effe
890 2362 995 2411 pars
1013 2352 1264 2397 Innocentiae
1280 2349 1525 2404 credatur,
1547 2347 1808 2413 suffragan·
1839 2354 2018 2401 Provid.

58 2422 112 2458 te
139 2409 581 2460 Clarevallenfium
607 2412 812 2462 Abbate
830 2415 1007 2467 Petro,
1029 2415 1115 2476 qui
1138 2413 1363 2479 perdito,
1386 2414 1437 2463 vi
1463 2412 1659 2465 morbi,
1686 2427 1808 2460 ocu-

0 2531 1 2534 *
59 2473 234 2523 lorum
260 2489 366 2521 uno
380 2506 393 2527 ,
417 2476 591 2538 gratias
611 2475 788 2540 agebat
813 2478 868 2526 N
871 2477 1057 2530 umini,
1078 2474 1222 2540 quod
1242 2493 1371 2523 unum
1399 2493 1452 2522 ex
1472 2473 1651 2528 hostibus
1664 2476 1808 2534 perdi-

61 2534 191 2597 dzfflet.
262 2536 404 2601 Quid
423 2537 486 2588 de
507 2537 790 2605 spectaculis
813 2540 1121 2654 dicaPm,quae
1143 2539 1230 2592 ubi
1249 2534 1468 2591 maxime
1492 2538 1707 2646 comitia,
1721 2552 1809 2601 per

1534 2615 1636 2651 ocu
1659 2614 1749 2650 um
