2177 2905
728 78 912 141 Oedipus
928 79 1138 142 Phyficm.
1651 98 1670 132 1
1681 98 1707 144 9
1712 98 1737 145 3

49 169 247 223 nonita
271 178 420 236 captu
448 166 601 220 facilis
622 168 937 236 perhibetur:
983 185 1103 218 nam
1125 169 1274 218 celeri
1297 167 1416 235 fug‘a
1436 168 1807 232 insequentium

42 247 294 286 conatum
307 232 462 295 eludi-t,
477 248 597 287 ‚nec
621 232 766 282 antea
785 228 877 282 (isti
900 229 1079 296 potest,
1095 233 1250 296 quam
1275 235 1655 282 excrementitio
1677 249 1805 297 quo-

43 298 169 347 dam
194 296 414 347 humore
436 296 782 360 perfundatur.
875 296 1116 359 Denique
1135 298 1188 344 in
1210 294 1610 360 Zoophytorum
1635 299 1806 362 Repu-

43 357 178 411 blica
197 362 380 425 primas
402 357 489 408 sibi
522 356 667 408 facile
696 357 928 409 vendifflt
957 360 1125 423 planta
1157 359 1263 413 illa,
1288 373 1442 421 quam
1477 359 1548 407 ob
1578 359 1803 409 formam
1922 406 1930 415 ,
2015 405 2024 418 ,

42 426 258 473 ovinam
280 425 474 473 Montis
502 423 659 487 Caspii
689 423 899 476 accolae‚
919 427 1093 481 Agnum
1124 422 1397 486 appellant:
1446 419 1551 470 haec
1580 426 1804 486 quinque
1831 409 1976 478 surim
2006 421 2052 452 Μ

47 487 246 552 palmos
260 486 379 539 alta,
403 498 568 551 caput,
590 501 747 539 aures,
772 489 821 535 ὅ(
839 485 1039 538 oculos,
1061 485 1201 550 Agni
1225 485 1443 550 edtypon
1463 485 1612 533 refert
1632 485 1691 534 ad
1713 502 1803 535 un-
1834 470 2022 517 ament·

42 564 226 614 guem:
266 547 606 615 pellolanifica
625 545 929 604 subtilissima
948 550 1155 612 tegitur:
1191 549 1483 613 sanguinem
1505 549 1606 602 alit,
1626 551 1677 600 ὅ(
1702 565 1803 598 car·
1836 545 1853 576 ¹
1869 543 1974 589 504·

43 614 121 662 nis
142 609 267 662 loco
287 613 551 661 materiam
564 648 579 663 ,
600 626 903 660 cancrorum
927 608 1200 660 substantiae
1219 611 1431 661 similem
1446 632 1460 658 .-
1496 611 1717 661 radicem
1739 611 1804 662 ad

47 674 350 725 umbilicum
371 674 613 729 demit-tit,
639 677 688 724 δε
712 674 907 722 tamdiu
930 676 1099 723 vivere
1118 673 1534 740 deprehenditur,
1555 675 1697 730 dum,
1719 677 1803 724 de-

44 735 189 804 pastis
207 741 336 787 circa
357 739 402 788 se
421 737 584 787 herbis
598 771 611 793 ,
632 734 803 802 inopia
822 738 989 802 pabuli
1008 738 1224 801 denique
1244 738 1446 787 arescat:
1483 751 1618 787 tanta
1647 740 1714 787 illi
1733 736 1803 788 est

44 804 280 855 suavitas,
305 813 359 850 ut
379 802 524 864 lupos
546 802 736 854 invitet,
761 800 1109 864 magnumque
1129 805 1292 865 rapaci
1314 801 1438 865 gulae
1461 803 1676 866 praebeat
1698 805 1800 852 irri-

44 877 347 913 tamentum.
415 863 476 913 Et
500 878 655 926 quam
675 862 747 911 his
769 861 1004 912 monstris
1023 877 1077 912 tu
1096 864 1262 913 sedem
1284 864 1484 913 dabisin
1501 866 1797 920 Brutorum,

44 925 434 992 plantarumque
454 926 700 982 comitiis?
735 941 810 974 res
840 923 926 974 ista
959 926 1152 975 dudum
1185 928 1346 977 delata
1369 927 1431 976 ad
1462 927 1797 993 Philosophiae

43 990 314 1041 Tribunal‚
335 988 363 1038 a
384 1005 466 1037 me
481 1002 585 1038 tam
599 989 772 1039 leviter
790 1005 898 1038 non
919 989 1191 1039 decidetur.
1224 992 1377 1045 Sunt,
1393 994 1479 1054 qui
1494 1004 1797 1056 argumento

42 1053 399 1118 etymologico
421 1054 679 1105 contenti,
704 1052 977 1116 Zoophyta
994 1054 1074 1100 illa
1102 1054 1446 1117 proclamant,
1466 1054 1568 1104 hoc
1591 1052 1684 1109 est,
1706 1058 1798 1102 ani-

43 1119 179 1165 malia
199 1115 352 1175 simul,
381 1118 439 1163 civ·
457 1116 651 1175 plancas,
679 1112 914 1178 adeoque
942 1117 1149 1170 volunt,
1182 1129 1237 1164 ut
1267 1116 1387 1166 cum
1414 1120 1669 1180 utriusque
1699 1118 1798 1184 spe-

42 1181 138 1229 ciei
157 1178 363 1227 dotibus
395 1178 645 1242 gaudeant
665 1210 678 1230 ‚
709 1182 859 1226 etiam
895 1191 1161 1242 utramque
1198 1183 1492 1245 participent
1518 1184 1794 1231 Naturam.

41 1232 198 1297 Sunt,
225 1243 315 1304 qui
345 1245 578 1290 neutram
607 1241 698 1289 illis
723 1241 1008 1298 adjudicant
1026 1242 1266 1306 speciem,
1292 1243 1372 1291 sed
1401 1244 1656 1306 quandam
1690 1261 1797 1293 me-

40 1305 180 1355 diam
203 1304 411 1358 cudunt‚
428 1305 631 1367 qualem
656 1304 932 1354 diluculum
947 1303 1129 1354 habere
1148 1309 1412 1358 cernimus,
1434 1307 1569 1355 diem
1582 1311 1725 1362 inter,
1745 1311 1797 1361 ὅ(

43 1369 271 1418 nostem.
339 1369 467 1417 Sunt
480 1369 600 1431 ,‚qui
621 1367 701 1416 illa
717 1369 782 1417 ad
801 1368 925 1418 solas
947 1369 1133 1432 plantas
1164 1370 1422 1434 ablegant,
1445 1385 1504 1419 ac
1526 1372 1796 1436 analogice

41 1433 270 1481 animalis
293 1433 522 1484 nomine,
542 1443 692 1492 atque
713 1431 874 1496 effigie
894 1432 1068 1487 jubent
1090 1431 1182 1481 effe
1206 1445 1461 1482 contenta.
1531 1436 1719 1498 Fugam
1741 1436 1796 1484 il-

43 1496 147 1545 lam
172 1495 382 1544 humani
403 1494 663 1544 contaetus
685 1495 736 1542 in
754 1496 1112 1558 antipathicam
1137 1496 1411 1544 refundunt
1428 1497 1679 1551 virtutem,
1695 1513 1794 1561 qua

44 1557 250 1612 halitus,
273 1555 630 1621 spirituumque
664 1556 862 1607 efflavi-a
895 1557 1199 1608 aversantur:
1247 1559 1393 1621 quale
1422 1559 1601 1608 odium
1634 1563 1793 1612 vitem

41 1624 171 1670 inter
185 1653 198 1674 ‚
216 1623 267 1670 ὅ(
282 1618 537 1670 brassicam
561 1621 786 1697 quotidie
801 1624 1096 1685 expetitum.
1142 1625 1337 1672 Lanam
1357 1625 1475 1682 Agni
1496 1623 1714 1671 Tartarici
1737 1624 1794 1674 si-

43 1686 221 1734 milem
248 1685 411 1743 ajunt,
434 1681 621 1733 fructus
641 1684 817 1734 Persici
834 1684 956 1734 albae
987 1685 1233 1748 lanugini,
1264 1701 1502 1734 cruorem
1521 1686 1669 1736 succo
1689 1688 1791 1737 san-

44 1750 262 1814 guineo,
280 1748 370 1811 qui
392 1742 535 1795 stillat
560 1762 618 1796 ex
639 1748 778 1797 malo
803 1750 990 1813 punico
1017 1748 1246 1798 diffeclo:
1285 1750 1490 1814 pulpam
1518 1751 1790 1817 analogam

45 1809 143 1860 esse
160 1811 344 1860 volunt
374 1809 532 1874 pulpae
547 1843 558 1863 ,
582 1825 736 1872 quam
761 1814 988 1860 nutriunt
1016 1828 1123 1861 uvae
1143 1815 1292 1877 nigrae
1314 1845 1327 1866 ‚
1350 1810 1377 1861 ὲ
1401 1812 1579 1875 quibus
1609 1817 1790 1877 pariter

45 1876 226 1923 vinum
246 1870 387 1921 stillat
409 1876 576 1920 cruori
596 1873 924 1922 limillimum.
992 1875 1220 1937 Figuram
1242 1876 1383 1936 quod
1407 1878 1658 1929 attinet‚&
1686 1879 1790 1928 aliae

47 1940 225 2002 plan-tae
251 1938 422 1984 avium
437 1969 449 1985 ‚
471 1937 521 1984 ὅ(
542 1934 766 1984 hominis
785 1936 1009 1997 forna-sem
1032 1952 1141 1984 non
1168 1935 1280 1986 raro
1306 1938 1646 2002 praeseferunt3
1681 1940 1791 1990 her-

45 2004 132 2052 bas
153 2011 323 2048 autem
341 1998 484 2058 quod
506 1998 731 2047 videatur
751 1997 1010 2063 depascere
1024 2032 1038 2053 ,
1063 2014 1119 2047 ex
1149 2015 1212 2048 eo
1235 2003 1495 2064 provenit,
1516 2003 1659 2064 quod
1689 2003 1792 2054 suc-
1862 2029 1865 2031 ·

44 2079 168 2115 cum
186 2060 437 2126 copiofius
458 2060 685 2114 attrahat,
698 2061 834 2118 cujus
853 2061 1051 2111 defectu
1076 2064 1247 2112 vicinae
1266 2063 1442 2128 plantae
1463 2067 1789 2123 marcescunt,

43 2131 98 2179 &
123 2127 456 2176 emoriuntur.
556 2125 682 2174 Sunt
711 2124 952 2188 denique,
975 2128 1063 2188 qui
1091 2126 1154 2174 ad
1183 2127 1476 2177 animalium
1497 2129 1790 2193 dignitatem

43 2188 320 2254 Zoophyta
348 2187 569 2237 elevent:
620 2202 739 2236 nam
772 2189 1037 2238 Sententiae
1068 2193 1237 2252 primae
1264 2191 1491 2240 Patronis
1529 2194 1788 2257 chymaerae

44 2268 239 2304 cornua
269 2264 541 2316 opponunt
562 2283 576 2305 ‚
607 2249 672 2300 eo
689 2248 834 2313 quod
853 2255 1006 2298 vivens
1016 2251 1408 2310 fimfitivumfimul,
1434 2257 1490 2303 (φ
1503 2256 1788 2316 insenfitivum

45 2320 98 2367 in
116 2331 271 2365 unam
294 2313 637 2362 consarcinent
656 2317 923 2366 Naturam.
991 2315 1089 2364 Sed
1108 2331 1201 2365 nee
1223 2317 1406 2366 caeteris
1425 2319 1697 2377 accedunt,
1720 2321 1786 2373 eo

47 2376 194 2444 quod
218 2372 442 2426 monstra
470 2375 702 2428 haecvnon
729 2375 894 2428 modo
924 2380 1110 2430 vivant,
1131 2379 1212 2427 sed
1245 2382 1394 2428 etiarn
1408 2382 1621 2440 sentiant:
1665 2401 1787 2436 nam

45 2442 168 2493 cum
189 2453 477 2505 punguntur
490 2474 503 2495 ,
528 2439 576 2490 se
594 2440 927 2496 contrahunt,
952 2444 1002 2492 &
1023 2438 1144 2490 teste
1163 2443 1362 2504 Majolo
1376 2477 1389 2500 ‚
1411 2452 1573 2505 ,Agnus
1592 2449 1788 2496 Tartari-

43 2519 115 2557 cus
132 2519 244 2556 non
260 2500 427 2556 modo
439 2535 454 2560 ‚
475 2504 755 2557 belluarum
772 2520 920 2620 mog
935 2538 949 2559 ‚
968 2503 1131 2557 herbis
1151 2505 1197 2556 se
1216 2506 1262 2557 se
1291 2506 1492 2576 proprie
1509 2510 1682 2578 pascit,
1706 2511 1789 2563 sed

653 2583 655 2585 ’
930 2583 958 2620 c
1675 2577 1725 2628 δε
