2177 2905
797 90 946 157 5412124·
971 89 1162 158 Βίβνονὶέ.
1684 111 1713 147 2
1722 114 1738 147 1
1751 113 1780 161 9

103 184 164 245 fis
185 200 349 244 totam
371 189 614 243 emensus.
696 186 848 258 Finge
864 208 984 243 cum
1007 193 1204 244 Isidoro
1227 192 1411 244 Mundi
1431 190 1726 261 aspectabilis
1745 195 1844 260 spa-

103 260 232 307 tium
246 290 259 312 ,
281 256 382 321 qua
401 253 500 306 late
519 255 582 304 ad
604 253 786 304 Coelos
815 256 968 320 usque
999 257 1342 322 protenditur,
1365 257 1429 306 fic
1457 260 1666 308 arenulis
1687 260 1844 323 reple-

102 333 246 375 tum,
269 333 326 369 ut
345 320 523 369 decem
547 318 744 367 illarum
776 320 956 374 millia,
987 336 1098 369 non
1124 320 1209 369 nisi
1237 336 1453 385 granum
1486 320 1659 387 finapis
1697 323 1841 371 mini-

96 399 246 433 mum
276 395 498 446 aequent:
543 380 639 447 pro
667 381 823 445 quam
853 385 1149 432 innumerus
1173 386 1266 432 erit
1296 382 1377 432 hic
1398 388 1662 434 numerus!
1700 388 1751 436 ὃ(
1772 397 1840 433 ta·

102 457 486 508 mem-quantus
505 457 719 508 quantus
742 442 836 500 est,
857 449 1136 495 aeternitatis
1166 463 1328 495 annos
1349 463 1457 495 non
1478 461 1710 497 numerat
1734 481 1747 503 ,
1776 463 1841 496 ne

100 510 267 559 dicam
283 541 297 562 ,
321 504 600 557 enu'merat.
684 510 834 572 Finge
858 508 995 557 hunc
1016 525 1308 561 numerum,
1329 525 1487 573 quem
1512 513 1841 573 quinquatrin-

99 586 151 621 ta
170 571 362 621 duabus
375 572 505 620 cifris
523 573 573 620 111
596 587 751 620 unam
770 574 959 620 lineam
978 575 1117 636 cogit
1129 572 1493 622 Arithmeticus
1511 574 1668 632 Clavij
1682 590 1738 622 ca
1759 590 1844 623 cu-

98 635 206 689 lus,
226 633 387 699 finge,
405 636 640 696 inquam,
665 633 802 682 hunc
827 649 1101 683 numerum
1130 648 1210 684 tot
1239 637 1555 701 multiplicari
1589 639 1641 685 in
1671 637 1839 689 lineis,

97 710 230 762 quot
247 700 377 761 capit
397 698 582 747 folium
593 697 796 762 grande,
813 700 861 747 &
881 699 1160 762 integrum3
1181 712 1311 761 quot
1323 701 1452 764 capit
1466 700 1715 749 foliorum
1735 716 1840 749 ma-

98 761 412 816 ximusliber,
433 762 511 811 vel
525 761 773 809 librorum
785 759 970 811 irhenssa
983 763 1146 810 moles
1161 795 1172 815 ,
1185 777 1294 824 quat
1311 762 1535 812 Universi
1553 763 1763 827 spatium
1775 763 1839 811 ad

100 824 255 888 usque
274 826 538 889 regionem
559 826 861 888 Empyream
884 824 1202 889 adimpleret:
1246 825 1383 874 hunc
1407 841 1681 875 numerum
1705 825 1839 890 finge

101 886 335 941 ulterius,
362 899 444 935 tot
477 889 641 936 iterari
667 890 719 935 in
746 888 910 941 lineis,
941 900 1071 950 quot
1099 890 1229 953 capit
1261 901 1397 943 tota,
1421 888 1521 952 qua
1548 885 1646 937 late
1675 902 1837 952 patet,

100 950 241 1000 Cocli
263 949 492 1014 sphaerica
509 948 807 1013 superficies:
844 951 1051 1001 DEUM
1072 953 1445 1001 immortalem!
1482 964 1612 1014 quot
1632 951 1738 1001 haec
1759 952 1838 1001 fo-

80 1025 212 1062 *rent
238 1012 524 1077 myriadum
547 1013 742 1065 saecula,
762 1025 892 1075 quot
918 1014 1212 1063 saeculorum
1241 1015 1518 1080 myriades?
1553 1018 1605 1065 ὅς
1634 1027 1837 1070 tamen,

100 1076 268 1141 elapso
302 1088 383 1124 tot
411 1091 666 1124 annorum
696 1076 945 1124 curriculo
962 1109 975 1129 ,
1001 1076 1224 1125 necdum
1251 1091 1414 1127 curret
1447 1080 1726 1127 aeternitatis
1750 1080 1837 1128 ini-

98 1142 255 1189 tium,
276 1154 338 1186 nc
360 1139 525 1187 dicam
547 1138 771 1187 medium
791 1172 803 1192 ,
824 1154 887 1186 ne
908 1139 1072 1187 dicam
1095 1138 1227 1188 finis:
1266 1145 1315 1191 ὅ(
1335 1154 1506 1189 tamen
1527 1141 1560 1189 fi
1581 1154 1660 1190 tot
1678 1157 1838 1191 anno-

99 1218 217 1252 rum
249 1202 437 1250 inversa
469 1202 685 1264 denique
714 1201 965 1266 clepsydra
996 1215 1378 1252 tormentorum
1405 1203 1562 1252 finem
1593 1205 1840 1254 damnatis

99 1265 310 1314 tandem
340 1267 656 1330 promitteret
671 1297 682 1317 ,
706 1280 780 1313 naz
802 1266 869 1314 illi
887 1280 980 1328 pro
1004 1265 1164 1315 nihilo
1187 1279 1542 1331 computarent
1565 1279 1671 1315 tam
1698 1282 1840 1317 oran-

100 1329 221 1378 dem
248 1344 483 1392 poenam,
508 1329 627 1377 &in
652 1326 732 1375 sua
754 1328 849 1376 sese
876 1327 1165 1376 infelicitate
1202 1328 1378 1378 beatos
1401 1363 1413 1385 ,
1443 1346 1501 1379 ac
1529 1329 1677 1379 felicil
1700 1346 1837 1381 imos

98 1392 441 1457 praedicarent.
541 1391 702 1443 Sileo,
726 1405 790 1438 ne
821 1391 987 1454 plura,
1012 1391 1133 1439 dum
1167 1391 1358 1454 loquor
1382 1425 1395 1447 ,
1426 1394 1608 1455 loquar
1639 1396 1835 1442 minus:

101 1457 154 1504 O
179 1456 442 1507 aeternitas,
463 1453 707 1516 quamdiu
733 1452 951 1501 durabis!
1000 1454 1126 1501 volo
1157 1454 1345 1509 dicere,
1369 1458 1419 1506 ὃ(
1446 1455 1613 1504 nescio
1642 1456 1834 1506 dicere:

100 1519 348 1581 quamdiu
388 1517 564 1567 DEUS
594 1517 684 1563 erit
711 1515 886 1566 DEUS
906 1548 919 1569 ,
949 1516 1144 1565 tamdiu
1177 1519 1389 1581 patietur
1420 1519 1706 1567 damnatus:
1753 1519 1836 1569 sed

100 1580 347 1692 qqpmdiu
367 1582 457 1631 erit
482 1579 586 1629 hoc
611 1578 880 1641 quamdiu!
920 1581 1128 1643 cogitari
1147 1577 1337 1646 potest,
1359 1583 1587 1648 explicari
1612 1598 1836 1649 1101ηο-

99 1656 150 1692 10
196 1681 206 1690 .

228 1706 426 1758 LEUC:
491 1705 808 1770 Vertiginem
830 1705 1101 1757 intellectui
1121 1709 1307 1764 timeo,
1328 1708 1360 1758 si
1379 1709 1578 1774 longius
1607 1709 1837 1776 despiciat
1865 1739 1899 1786 ὁ·
1929 1741 2003 1788 Au

98 1769 230 1820 hanc
251 1770 492 1834 abyssum.
561 1769 725 1834 Capio
745 1769 940 1823 melius,
964 1771 1107 1834 quod
1131 1770 1325 1836 optime
1345 1789 1655 1827 1101111011105
1690 1774 1835 1824 Chri·
1895 1775 1906 1787 '
1997 1753 2044 1801 g‘

99 1831 285 1882 stianos
308 1836 434 1881 inter
455 1847 584 1898 opus
609 1848 717 1880 non
743 1831 836 1880 esse
857 1832 945 1881 nifi
966 1835 1338 1898 Morotrophio
1353 1869 1365 1890 ,
1392 1838 1471 1886 vel
1492 1838 1834 1900 8.]110111111110-

99 1899 175 1946 nis
198 1892 469 1960 ergastulo:
505 1898 558 1943 in
577 1892 706 1943 istud
732 1896 1136 1959 compingendos
1153 1930 1163 1949 ‚
1185 1899 1269 1958 qui
1291 1914 1400 1946 non
1423 1900 1682 1948 crederent
1701 1914 1835 1950 aeter-

98 1962 310 2009 nitatem
328 1960 411 2012 ,111
433 1958 687 2020 illud,qui
714 1958 998 2010 crederent,
1026 1961 1075 2009 &
1105 1972 1383 2023 peccarent.
1483 1962 1624 2025 Quid
1658 1963 1721 2011 ad
1747 1961 1835 2013 ista

101 2021 396 2086 Philosophi
421 2023 437 2068 ἒ
484 2020 607 2083 quid
634 2020 702 2068 illi
739 2020 800 2068 de
834 2021 1108 2068 durationis
1136 2022 1301 2071 modo
1331 2022 1434 2072 1100
1458 2057 1470 2076 ‚
1506 2025 1606 2073 11110
1633 2026 1831 2076 modo?

101 2087 260 2132 MEL:
327 2086 387 2133 In
413 2086 579 2133 varios
609 2082 796 2131 abeunt
823 2096 996 2133 motus
1019 2116 1031 2137 ,
1064 2084 1305 2134 diversam
1334 2086 1551 2136 induunt
1577 2101 1830 2144 mentem,

102 2163 199 2198 nec
219 2147 379 2195 inutili
404 2146 599 2196 scholio
627 2146 689 2194 de
713 2149 979 2195 aeternitate
1005 2147 1294 2197 discurrunt.
1394 2150 1535 2200 Audi
1560 2167 1745 2206 unum,
1780 2155 1831 2203 ὅ(

102 2212 340 2260 alterum.
433 2209 579 2258 Aluit
599 2208 912 2274 Discipulum
939 2209 1200 2265 Sorbona,
1220 2227 1374 2274 quem
1405 2215 1455 2261 in
1482 2214 1830 2280 Philosophica

104 2269 350 2340 palaestra,
373 2273 424 2322 &
445 2271 748 2327 informare,
786 2276 835 2323 &
858 2273 1144 2321 deformare
1174 2271 1357 2324 studuit
1384 2277 1659 2326 Professor:
1697 2277 1828 2327 adeo

106 2337 229 2401 laepe
251 2334 505 2384 Doctores
527 2347 745 2389 nocent,
767 2335 888 2384 cum
917 2336 1130 2390 docent,
1149 2349 1269 2386 tunc
1295 2337 1565 2404 praecipue,
1595 2340 1626 2388 fi
1659 2353 1830 2390 amant

107 2399 174 2449 fic
197 2398 506 2461 Stagiritam,
533 2409 589 2446 ut
607 2400 757 2448 etiam
783 2398 1042 2448 ethnicum
1060 2413 1169 2448 non
1195 2401 1492 2451 aversentur.
1592 2405 1833 2453 Xaverius

104 2460 133 2519 (
146 2473 293 2526 eaput
313 2460 375 2509 ad
393 2459 497 2510 hoc
517 2461 734 2511 Nomen
754 2462 960 2511 inclinet
976 2461 1261 2528 Peripatus)
1281 2465 1521 2515 Xaverius
1539 2467 1620 2515 ille
1641 2467 1734 2514 fuit
1745 2467 1834 2516 Di-

107 2524 344 2592 scipulus‚
378 2522 716 2578 Profefforem
733 2540 844 2577 non
863 2527 1085 2640 nssmino
1097 2558 1110 2583 ,
1129 2529 1182 2577 in
1198 2527 1318 2580 albo
1341 2531 1617 2580 aeternitatis
1633 2529 1832 2592 nigerri-

954 2602 982 2638 e
1015 2601 1046 2637 2
1670 2604 1766 2640 mo

1902 1071 1926 1083 5-
