<?xml version="1.0" encoding="UTF-8"?>
<!DOCTYPE html PUBLIC "-//W3C//DTD XHTML 1.0 Transitional//EN"
    "http://www.w3.org/TR/xhtml1/DTD/xhtml1-transitional.dtd">
<html xmlns="http://www.w3.org/1999/xhtml" xml:lang="en" lang="en">
 <head>
  <title>
</title>
<meta http-equiv="Content-Type" content="text/html;charset=utf-8" />
  <meta name='ocr-system' content='tesseract 3.04.00' />
  <meta name='ocr-capabilities' content='ocr_page ocr_carea ocr_par ocr_line ocrx_word'/>
</head>
<body>
  <div class='ocr_page' id='page_1' title='image "./peripateticusnos00sch_0077.png"; bbox 0 0 2222 2905; ppageno 0'>
   <div class='ocr_carea' id='block_1_1' title="bbox 711 99 1770 165">
    <p class='ocr_par' dir='ltr' id='par_1_1' title="bbox 711 99 1770 165">
     <span class='ocr_line' id='line_1_1' title="bbox 711 99 1770 165; baseline 0.014 -18"><span class='ocrx_word' id='word_1_1' title='bbox 711 99 912 149; x_wconf 67' lang='lat' dir='ltr'><strong>flamma</strong></span> <span class='ocrx_word' id='word_1_2' title='bbox 930 102 1197 152; x_wconf 79' lang='lat' dir='ltr'><em>Promethei.</em></span> <span class='ocrx_word' id='word_1_3' title='bbox 1713 116 1738 165; x_wconf 85' lang='lat'><em>5</em></span> <span class='ocrx_word' id='word_1_4' title='bbox 1746 117 1770 162; x_wconf 84' lang='lat'><em>3</em></span> 
     </span>
    </p>
   </div>
   <div class='ocr_carea' id='block_1_2' title="bbox 64 192 2080 2674">
    <p class='ocr_par' dir='ltr' id='par_1_2' title="bbox 67 192 1842 1153">
     <span class='ocr_line' id='line_1_2' title="bbox 70 192 1842 262; baseline -0.001 -15"><span class='ocrx_word' id='word_1_5' title='bbox 70 196 153 247; x_wconf 75' lang='lat' dir='ltr'><strong>stzd</strong></span> <span class='ocrx_word' id='word_1_6' title='bbox 172 210 267 247; x_wconf 84' lang='lat' dir='ltr'><strong>nec</strong></span> <span class='ocrx_word' id='word_1_7' title='bbox 296 193 563 246; x_wconf 88' lang='lat' dir='ltr'><strong>difficulter</strong></span> <span class='ocrx_word' id='word_1_8' title='bbox 592 194 824 244; x_wconf 81' lang='lat' dir='ltr'><strong>dirnittit:</strong></span> <span class='ocrx_word' id='word_1_9' title='bbox 856 195 976 245; x_wconf 86' lang='lat' dir='ltr'><strong>hinc</strong></span> <span class='ocrx_word' id='word_1_10' title='bbox 1005 196 1161 247; x_wconf 85' lang='lat' dir='ltr'><strong>haeret</strong></span> <span class='ocrx_word' id='word_1_11' title='bbox 1183 211 1313 261; x_wconf 88' lang='lat' dir='ltr'><strong>aqua</strong></span> <span class='ocrx_word' id='word_1_12' title='bbox 1336 194 1590 262; x_wconf 80' lang='lat' dir='ltr'><strong>saepiffime</strong></span> <span class='ocrx_word' id='word_1_13' title='bbox 1609 229 1625 251; x_wconf 88' lang='lat'>‚</span> <span class='ocrx_word' id='word_1_14' title='bbox 1658 192 1842 250; x_wconf 67' lang='lat' dir='ltr'><strong>fidem-</strong></span> 
     </span>
     <span class='ocr_line' id='line_1_3' title="bbox 71 256 1838 326; baseline -0.001 -16"><span class='ocrx_word' id='word_1_15' title='bbox 71 276 172 325; x_wconf 89' lang='lat' dir='ltr'><strong>que</strong></span> <span class='ocrx_word' id='word_1_16' title='bbox 194 294 208 316; x_wconf 89' lang='lat'><strong>‚</strong></span> <span class='ocrx_word' id='word_1_17' title='bbox 244 275 400 325; x_wconf 90' lang='lat' dir='ltr'><strong>quam</strong></span> <span class='ocrx_word' id='word_1_18' title='bbox 420 256 523 308; x_wconf 77' lang='lat' dir='ltr'><strong>cito</strong></span> <span class='ocrx_word' id='word_1_19' title='bbox 548 258 714 312; x_wconf 85' lang='lat' dir='ltr'>dedit,</span> <span class='ocrx_word' id='word_1_20' title='bbox 746 258 889 309; x_wconf 77' lang='lat' dir='ltr'><strong>citius</strong></span> <span class='ocrx_word' id='word_1_21' title='bbox 912 262 1128 324; x_wconf 79' lang='lat' dir='ltr'>rumpit,</span> <span class='ocrx_word' id='word_1_22' title='bbox 1164 263 1216 310; x_wconf 91' lang='lat' dir='ltr'><strong>in</strong></span> <span class='ocrx_word' id='word_1_23' title='bbox 1246 260 1343 326; x_wconf 84' lang='lat' dir='ltr'><strong>ipsa</strong></span> <span class='ocrx_word' id='word_1_24' title='bbox 1372 262 1474 311; x_wconf 90' lang='lat' dir='ltr'><strong>fide</strong></span> <span class='ocrx_word' id='word_1_25' title='bbox 1494 258 1711 311; x_wconf 88' lang='lat' dir='ltr'><strong>infidelis</strong></span> <span class='ocrx_word' id='word_1_26' title='bbox 1729 276 1838 310; x_wconf 82' lang='lat' dir='ltr'><strong>me-</strong></span> 
     </span>
     <span class='ocr_line' id='line_1_4' title="bbox 69 320 1837 387; baseline -0.001 -13"><span class='ocrx_word' id='word_1_27' title='bbox 69 327 254 375; x_wconf 88' lang='lat' dir='ltr'><strong>moria.</strong></span> <span class='ocrx_word' id='word_1_28' title='bbox 322 321 521 373; x_wconf 74' lang='lat' dir='ltr'><strong>Contra</strong></span> <span class='ocrx_word' id='word_1_29' title='bbox 539 323 633 377; x_wconf 88' lang='lat' dir='ltr'><strong>illi,</strong></span> <span class='ocrx_word' id='word_1_30' title='bbox 655 322 835 386; x_wconf 90' lang='lat' dir='ltr'><strong>quibus</strong></span> <span class='ocrx_word' id='word_1_31' title='bbox 864 323 1207 374; x_wconf 69' lang='lat' dir='ltr'>duriusculum</span> <span class='ocrx_word' id='word_1_32' title='bbox 1237 324 1447 387; x_wconf 86' lang='lat' dir='ltr'><strong>quidem</strong></span> <span class='ocrx_word' id='word_1_33' title='bbox 1476 358 1490 380; x_wconf 89' lang='lat'>‚</span> <span class='ocrx_word' id='word_1_34' title='bbox 1525 320 1740 374; x_wconf 74' lang='lat' dir='ltr'><strong>minime</strong></span> <span class='ocrx_word' id='word_1_35' title='bbox 1769 337 1837 373; x_wconf 87' lang='lat' dir='ltr'><strong>ta-</strong></span> 
     </span>
     <span class='ocr_line' id='line_1_5' title="bbox 70 386 1840 450; baseline -0.001 -12"><span class='ocrx_word' id='word_1_36' title='bbox 70 404 194 438; x_wconf 86' lang='lat' dir='ltr'><strong>men</strong></span> <span class='ocrx_word' id='word_1_37' title='bbox 215 390 269 437; x_wconf 90' lang='lat' dir='ltr'><strong>in</strong></span> <span class='ocrx_word' id='word_1_38' title='bbox 291 387 616 436; x_wconf 88' lang='lat' dir='ltr'><strong>adamantem</strong></span> <span class='ocrx_word' id='word_1_39' title='bbox 635 387 857 450; x_wconf 85' lang='lat' dir='ltr'><strong>obriguit</strong></span> <span class='ocrx_word' id='word_1_40' title='bbox 875 388 1140 437; x_wconf 87' lang='lat' dir='ltr'><strong>cerebrum</strong></span> <span class='ocrx_word' id='word_1_41' title='bbox 1168 421 1184 442; x_wconf 72' lang='lat'>2</span> <span class='ocrx_word' id='word_1_42' title='bbox 1216 386 1501 438; x_wconf 88' lang='lat' dir='ltr'><strong>fideliorem</strong></span> <span class='ocrx_word' id='word_1_43' title='bbox 1531 389 1716 437; x_wconf 87' lang='lat' dir='ltr'><strong>caeteris</strong></span> <span class='ocrx_word' id='word_1_44' title='bbox 1735 402 1840 436; x_wconf 88' lang='lat' dir='ltr'><strong>me-</strong></span> 
     </span>
     <span class='ocr_line' id='line_1_6' title="bbox 71 451 1838 516; baseline -0.001 -15"><span class='ocrx_word' id='word_1_45' title='bbox 71 453 294 502; x_wconf 80' lang='lat' dir='ltr'><strong>moriam</strong></span> <span class='ocrx_word' id='word_1_46' title='bbox 315 451 651 516; x_wconf 82' lang='lat' dir='ltr'><strong>experiuntur.</strong></span> <span class='ocrx_word' id='word_1_47' title='bbox 718 451 924 516; x_wconf 87' lang='lat' dir='ltr'><strong>Qippe</strong></span> <span class='ocrx_word' id='word_1_48' title='bbox 950 454 1119 502; x_wconf 87' lang='lat' dir='ltr'><strong>nativa</strong></span> <span class='ocrx_word' id='word_1_49' title='bbox 1143 451 1330 501; x_wconf 79' lang='lat' dir='ltr'><strong>siccitas</strong></span> <span class='ocrx_word' id='word_1_50' title='bbox 1345 486 1360 508; x_wconf 85' lang='grc'>,</span> <span class='ocrx_word' id='word_1_51' title='bbox 1396 467 1518 516; x_wconf 87' lang='lat' dir='ltr'><strong>quas</strong></span> <span class='ocrx_word' id='word_1_52' title='bbox 1541 451 1705 500; x_wconf 89' lang='lat' dir='ltr'><strong>obiter</strong></span> <span class='ocrx_word' id='word_1_53' title='bbox 1728 466 1838 499; x_wconf 88' lang='lat' dir='ltr'><strong>non</strong></span> 
     </span>
     <span class='ocr_line' id='line_1_7' title="bbox 69 514 1841 582; baseline -0.001 -17"><span class='ocrx_word' id='word_1_54' title='bbox 69 516 256 579; x_wconf 87' lang='lat' dir='ltr'><strong>recepit</strong></span> <span class='ocrx_word' id='word_1_55' title='bbox 271 514 406 562; x_wconf 87' lang='lat' dir='ltr'><strong>ideas</strong></span> <span class='ocrx_word' id='word_1_56' title='bbox 425 546 439 566; x_wconf 87' lang='lat'>‚</span> <span class='ocrx_word' id='word_1_57' title='bbox 474 529 569 562; x_wconf 88' lang='lat' dir='ltr'><strong>nec</strong></span> <span class='ocrx_word' id='word_1_58' title='bbox 593 515 745 562; x_wconf 89' lang='lat' dir='ltr'><strong>etiam</strong></span> <span class='ocrx_word' id='word_1_59' title='bbox 772 515 1041 566; x_wconf 87' lang='lat' dir='ltr'><strong>desultoria</strong></span> <span class='ocrx_word' id='word_1_60' title='bbox 1082 516 1282 565; x_wconf 85' lang='lat' dir='ltr'><strong>levitate</strong></span> <span class='ocrx_word' id='word_1_61' title='bbox 1319 516 1545 582; x_wconf 81' lang='lat' dir='ltr'>repellit:</span> <span class='ocrx_word' id='word_1_62' title='bbox 1583 514 1701 564; x_wconf 92' lang='lat' dir='ltr'><strong>hinc</strong></span> <span class='ocrx_word' id='word_1_63' title='bbox 1734 528 1841 563; x_wconf 87' lang='lat' dir='ltr'><strong>me-</strong></span> 
     </span>
     <span class='ocr_line' id='line_1_8' title="bbox 68 576 1840 646; baseline -0.001 -19"><span class='ocrx_word' id='word_1_64' title='bbox 68 578 362 628; x_wconf 89' lang='lat' dir='ltr'><strong>lancholicis</strong></span> <span class='ocrx_word' id='word_1_65' title='bbox 390 576 623 626; x_wconf 88' lang='lat' dir='ltr'><strong>diuturna</strong></span> <span class='ocrx_word' id='word_1_66' title='bbox 650 579 901 626; x_wconf 88' lang='lat' dir='ltr'><strong>memoria</strong></span> <span class='ocrx_word' id='word_1_67' title='bbox 923 611 940 633; x_wconf 84' lang='lat'>‚</span> <span class='ocrx_word' id='word_1_68' title='bbox 973 580 1060 642; x_wconf 91' lang='lat' dir='ltr'><strong>qui</strong></span> <span class='ocrx_word' id='word_1_69' title='bbox 1070 578 1195 630; x_wconf 6' lang='lat' dir='ltr'>&#39;ficut</span> <span class='ocrx_word' id='word_1_70' title='bbox 1220 595 1294 629; x_wconf 88' lang='lat' dir='ltr'><strong>res</strong></span> <span class='ocrx_word' id='word_1_71' title='bbox 1315 577 1698 646; x_wconf 82' lang='lat' dir='ltr'><strong>apprehendunt</strong></span> <span class='ocrx_word' id='word_1_72' title='bbox 1726 592 1840 627; x_wconf 90' lang='lat' dir='ltr'><strong>mo-</strong></span> 
     </span>
     <span class='ocr_line' id='line_1_9' title="bbox 69 640 1838 707; baseline 0 -16"><span class='ocrx_word' id='word_1_73' title='bbox 69 641 228 692; x_wconf 68' lang='lat' dir='ltr'><strong>rofius</strong></span> <span class='ocrx_word' id='word_1_74' title='bbox 259 675 274 695; x_wconf 87' lang='lat'>,</span> <span class='ocrx_word' id='word_1_75' title='bbox 308 640 372 690; x_wconf 84' lang='lat' dir='ltr'><strong>sic</strong></span> <span class='ocrx_word' id='word_1_76' title='bbox 391 642 544 688; x_wconf 86' lang='lat' dir='ltr'><strong>etiam</strong></span> <span class='ocrx_word' id='word_1_77' title='bbox 565 640 864 706; x_wconf 74' lang='lat' dir='ltr'><strong>profundius</strong></span> <span class='ocrx_word' id='word_1_78' title='bbox 887 640 1120 707; x_wconf 83' lang='lat' dir='ltr'><strong>infigunt.</strong></span> <span class='ocrx_word' id='word_1_79' title='bbox 1186 644 1261 693; x_wconf 90' lang='lat' dir='ltr'><strong>Illi</strong></span> <span class='ocrx_word' id='word_1_80' title='bbox 1275 657 1473 697; x_wconf 86' lang='lat' dir='ltr'><strong>tamen,</strong></span> <span class='ocrx_word' id='word_1_81' title='bbox 1509 642 1689 706; x_wconf 88' lang='lat' dir='ltr'><strong>quibus</strong></span> <span class='ocrx_word' id='word_1_82' title='bbox 1710 643 1838 691; x_wconf 86' lang='lat' dir='ltr'><strong>inter</strong></span> 
     </span>
     <span class='ocr_line' id='line_1_10' title="bbox 73 703 1838 770; baseline -0.002 -15"><span class='ocrx_word' id='word_1_83' title='bbox 73 705 261 755; x_wconf 74' lang='lat' dir='ltr'><strong>siccum</strong></span> <span class='ocrx_word' id='word_1_84' title='bbox 291 708 341 755; x_wconf 69' lang='grc' dir='ltr'><strong>ὃς</strong></span> <span class='ocrx_word' id='word_1_85' title='bbox 378 703 679 759; x_wconf 86' lang='lat' dir='ltr'><strong>humidum,</strong></span> <span class='ocrx_word' id='word_1_86' title='bbox 705 718 979 770; x_wconf 86' lang='lat' dir='ltr'><strong>temperata</strong></span> <span class='ocrx_word' id='word_1_87' title='bbox 1001 703 1221 756; x_wconf 73' lang='lat' dir='ltr'><strong>consistit</strong></span> <span class='ocrx_word' id='word_1_88' title='bbox 1237 707 1428 756; x_wconf 80' lang='lat' dir='ltr'><strong>cerebri</strong></span> <span class='ocrx_word' id='word_1_89' title='bbox 1447 705 1643 755; x_wconf 86' lang='lat' dir='ltr'><strong>indoles</strong></span> <span class='ocrx_word' id='word_1_90' title='bbox 1666 741 1678 757; x_wconf 83' lang='lat'>‚</span> <span class='ocrx_word' id='word_1_91' title='bbox 1716 720 1838 754; x_wconf 88' lang='lat' dir='ltr'><strong>cum</strong></span> 
     </span>
     <span class='ocr_line' id='line_1_11' title="bbox 70 765 1836 835; baseline 0.001 -17"><span class='ocrx_word' id='word_1_92' title='bbox 70 770 169 835; x_wconf 87' lang='lat' dir='ltr'><strong>ipsa</strong></span> <span class='ocrx_word' id='word_1_93' title='bbox 185 765 423 820; x_wconf 60' lang='lat' dir='ltr'><strong>Minerva</strong></span> <span class='ocrx_word' id='word_1_94' title='bbox 450 801 467 822; x_wconf 73' lang='lat'>‚</span> <span class='ocrx_word' id='word_1_95' title='bbox 501 768 563 816; x_wconf 89' lang='lat' dir='ltr'><strong>de</strong></span> <span class='ocrx_word' id='word_1_96' title='bbox 592 771 858 817; x_wconf 76' lang='lat' dir='ltr'><strong>memoria:</strong></span> <span class='ocrx_word' id='word_1_97' title='bbox 885 770 1051 833; x_wconf 82' lang='lat' dir='ltr'><strong>palma</strong></span> <span class='ocrx_word' id='word_1_98' title='bbox 1088 769 1288 835; x_wconf 84' lang='lat' dir='ltr'><strong>poffunt</strong></span> <span class='ocrx_word' id='word_1_99' title='bbox 1329 769 1640 819; x_wconf 80' lang='lat' dir='ltr'><strong>contendere</strong></span> <span class='ocrx_word' id='word_1_100' title='bbox 1668 786 1677 816; x_wconf 76' lang='grc' dir='ltr'>ε</span> <span class='ocrx_word' id='word_1_101' title='bbox 1715 784 1836 819; x_wconf 86' lang='lat' dir='ltr'><strong>nam</strong></span> 
     </span>
     <span class='ocr_line' id='line_1_12' title="bbox 68 829 1837 898; baseline -0.002 -15"><span class='ocrx_word' id='word_1_102' title='bbox 68 848 183 897; x_wconf 86' lang='lat' dir='ltr'><strong>quae</strong></span> <span class='ocrx_word' id='word_1_103' title='bbox 214 834 419 898; x_wconf 88' lang='lat' dir='ltr'><strong>capiunt</strong></span> <span class='ocrx_word' id='word_1_104' title='bbox 454 829 598 880; x_wconf 77' lang='lat' dir='ltr'><strong>facile</strong></span> <span class='ocrx_word' id='word_1_105' title='bbox 623 865 640 886; x_wconf 74' lang='lat'>,</span> <span class='ocrx_word' id='word_1_106' title='bbox 673 834 825 881; x_wconf 83' lang='lat' dir='ltr'><strong>etiam</strong></span> <span class='ocrx_word' id='word_1_107' title='bbox 845 835 1062 881; x_wconf 74' lang='lat' dir='ltr'><strong>retinent</strong></span> <span class='ocrx_word' id='word_1_108' title='bbox 1090 831 1376 884; x_wconf 83' lang='lat' dir='ltr'><strong>constanter</strong></span> <span class='ocrx_word' id='word_1_109' title='bbox 1403 852 1415 882; x_wconf 74' lang='lat'>2</span> <span class='ocrx_word' id='word_1_110' title='bbox 1449 833 1567 882; x_wconf 88' lang='lat' dir='ltr'><strong>hinc</strong></span> <span class='ocrx_word' id='word_1_111' title='bbox 1591 829 1661 882; x_wconf 86' lang='lat' dir='ltr'><strong>est</strong></span> <span class='ocrx_word' id='word_1_112' title='bbox 1692 865 1706 886; x_wconf 82' lang='lat'>,</span> <span class='ocrx_word' id='word_1_113' title='bbox 1747 847 1837 881; x_wconf 86' lang='lat' dir='ltr'><strong>cur</strong></span> 
     </span>
     <span class='ocr_line' id='line_1_13' title="bbox 70 893 1835 963; baseline -0.002 -17"><span class='ocrx_word' id='word_1_114' title='bbox 70 896 275 946; x_wconf 87' lang='lat' dir='ltr'><strong>meliori</strong></span> <span class='ocrx_word' id='word_1_115' title='bbox 290 893 544 945; x_wconf 69' lang='lat' dir='ltr'><strong>memoria</strong></span> <span class='ocrx_word' id='word_1_116' title='bbox 561 897 780 954; x_wconf 76' lang='lat' dir='ltr'><strong>juvenes</strong></span> <span class='ocrx_word' id='word_1_117' title='bbox 805 930 817 951; x_wconf 90' lang='lat'><em>‚</em></span> <span class='ocrx_word' id='word_1_118' title='bbox 854 895 1023 945; x_wconf 75' lang='lat' dir='ltr'><strong>minus</strong></span> <span class='ocrx_word' id='word_1_119' title='bbox 1042 896 1156 962; x_wconf 60' lang='lat' dir='ltr'><strong>apta</strong></span> <span class='ocrx_word' id='word_1_120' title='bbox 1182 900 1323 963; x_wconf 82' lang='lat' dir='ltr'><strong>pueri</strong></span> <span class='ocrx_word' id='word_1_121' title='bbox 1344 909 1546 946; x_wconf 89' lang='lat' dir='ltr'><strong>utantur</strong></span> <span class='ocrx_word' id='word_1_122' title='bbox 1566 929 1578 951; x_wconf 88' lang='lat'>‚</span> <span class='ocrx_word' id='word_1_123' title='bbox 1601 899 1651 947; x_wconf 75' lang='grc' dir='ltr'><strong>ὅ(</strong></span> <span class='ocrx_word' id='word_1_124' title='bbox 1671 895 1835 944; x_wconf 87' lang='lat' dir='ltr'><strong>senes:</strong></span> 
     </span>
     <span class='ocr_line' id='line_1_14' title="bbox 70 959 1838 1027; baseline -0.002 -17"><span class='ocrx_word' id='word_1_125' title='bbox 70 976 194 1010; x_wconf 87' lang='lat' dir='ltr'><strong>nam</strong></span> <span class='ocrx_word' id='word_1_126' title='bbox 216 975 400 1026; x_wconf 91' lang='lat' dir='ltr'><strong>pueros</strong></span> <span class='ocrx_word' id='word_1_127' title='bbox 422 959 615 1023; x_wconf 85' lang='lat' dir='ltr'><strong>superat</strong></span> <span class='ocrx_word' id='word_1_128' title='bbox 634 960 864 1015; x_wconf 81' lang='lat' dir='ltr'><strong>juventus</strong></span> <span class='ocrx_word' id='word_1_129' title='bbox 882 959 1160 1026; x_wconf 67' lang='lat' dir='ltr'><strong>temperata</strong></span> <span class='ocrx_word' id='word_1_130' title='bbox 1178 960 1339 1027; x_wconf 82' lang='lat' dir='ltr'><strong>magis</strong></span> <span class='ocrx_word' id='word_1_131' title='bbox 1356 961 1656 1011; x_wconf 86' lang='lat' dir='ltr'><strong>humiditate</strong></span> <span class='ocrx_word' id='word_1_132' title='bbox 1668 993 1680 1013; x_wconf 87' lang='lat'>,</span> <span class='ocrx_word' id='word_1_133' title='bbox 1704 959 1838 1008; x_wconf 86' lang='lat' dir='ltr'><strong>senes</strong></span> 
     </span>
     <span class='ocr_line' id='line_1_15' title="bbox 67 1021 1837 1091; baseline -0.001 -18"><span class='ocrx_word' id='word_1_134' title='bbox 67 1023 284 1073; x_wconf 76' lang='lat' dir='ltr'><strong>siccitate</strong></span> <span class='ocrx_word' id='word_1_135' title='bbox 314 1021 491 1072; x_wconf 66' lang='lat' dir='ltr'><strong>librata</strong></span> <span class='ocrx_word' id='word_1_136' title='bbox 521 1022 680 1087; x_wconf 75' lang='lat' dir='ltr'><strong>magis</strong></span> <span class='ocrx_word' id='word_1_137' title='bbox 708 1024 771 1071; x_wconf 88' lang='lat' dir='ltr'><strong>ad</strong></span> <span class='ocrx_word' id='word_1_138' title='bbox 791 1024 993 1088; x_wconf 88' lang='lat' dir='ltr'><strong>pondus</strong></span> <span class='ocrx_word' id='word_1_139' title='bbox 1017 1043 1026 1072; x_wconf 90' lang='lat'>:</span> <span class='ocrx_word' id='word_1_140' title='bbox 1065 1025 1200 1074; x_wconf 86' lang='lat' dir='ltr'><strong>unde</strong></span> <span class='ocrx_word' id='word_1_141' title='bbox 1225 1023 1416 1076; x_wconf 77' lang='lat' dir='ltr'><strong>facilius</strong></span> <span class='ocrx_word' id='word_1_142' title='bbox 1446 1023 1521 1074; x_wconf 91' lang='lat' dir='ltr'><strong>his</strong></span> <span class='ocrx_word' id='word_1_143' title='bbox 1539 1023 1721 1091; x_wconf 86' lang='lat' dir='ltr'><strong>species</strong></span> <span class='ocrx_word' id='word_1_144' title='bbox 1744 1025 1837 1073; x_wconf 86' lang='lat' dir='ltr'><strong>im-</strong></span> 
     </span>
     <span class='ocr_line' id='line_1_16' title="bbox 69 1086 1306 1153; baseline 0 -17"><span class='ocrx_word' id='word_1_145' title='bbox 69 1089 296 1153; x_wconf 86' lang='lat' dir='ltr'><strong>primunt</strong></span> <span class='ocrx_word' id='word_1_146' title='bbox 313 1120 328 1139; x_wconf 84' lang='lat'>‚</span> <span class='ocrx_word' id='word_1_147' title='bbox 361 1087 457 1135; x_wconf 84' lang='lat' dir='ltr'><strong>illis</strong></span> <span class='ocrx_word' id='word_1_148' title='bbox 478 1086 705 1135; x_wconf 75' lang='lat' dir='ltr'><strong>tenacius</strong></span> <span class='ocrx_word' id='word_1_149' title='bbox 720 1086 972 1152; x_wconf 76' lang='lat' dir='ltr'><strong>impressas</strong></span> <span class='ocrx_word' id='word_1_150' title='bbox 993 1088 1306 1139; x_wconf 84' lang='lat' dir='ltr'><strong>conservant.</strong></span> 
     </span>
    </p>

    <p class='ocr_par' dir='ltr' id='par_1_3' title="bbox 64 1147 2080 2665">
     <span class='ocr_line' id='line_1_17' title="bbox 230 1147 1837 1217; baseline -0.001 -16"><span class='ocrx_word' id='word_1_151' title='bbox 230 1150 431 1201; x_wconf 87' lang='lat' dir='ltr'>LEUC:</span> <span class='ocrx_word' id='word_1_152' title='bbox 466 1151 535 1201; x_wconf 89' lang='lat' dir='ltr'><strong>Ut</strong></span> <span class='ocrx_word' id='word_1_153' title='bbox 555 1150 709 1198; x_wconf 85' lang='lat' dir='ltr'><strong>video</strong></span> <span class='ocrx_word' id='word_1_154' title='bbox 731 1184 743 1204; x_wconf 85' lang='grc'>,</span> <span class='ocrx_word' id='word_1_155' title='bbox 781 1153 833 1198; x_wconf 87' lang='lat' dir='ltr'><strong>in</strong></span> <span class='ocrx_word' id='word_1_156' title='bbox 861 1152 1029 1200; x_wconf 86' lang='lat' dir='ltr'><strong>multis</strong></span> <span class='ocrx_word' id='word_1_157' title='bbox 1053 1154 1405 1217; x_wconf 78' lang='lat' dir='ltr'><strong>experimentis</strong></span> <span class='ocrx_word' id='word_1_158' title='bbox 1423 1185 1440 1207; x_wconf 76' lang='lat'>,</span> <span class='ocrx_word' id='word_1_159' title='bbox 1472 1147 1696 1217; x_wconf 75' lang='lat' dir='ltr'><strong>apposite</strong></span> <span class='ocrx_word' id='word_1_160' title='bbox 1724 1151 1837 1200; x_wconf 54' lang='lat' dir='ltr'><strong>calb</strong></span> 
     </span>
     <span class='ocr_line' id='line_1_18' title="bbox 69 1213 1836 1279; baseline 0 -16"><span class='ocrx_word' id='word_1_161' title='bbox 69 1215 243 1279; x_wconf 80' lang='lat' dir='ltr'><strong>ginem</strong></span> <span class='ocrx_word' id='word_1_162' title='bbox 267 1213 461 1262; x_wconf 86' lang='lat' dir='ltr'><strong>discutit</strong></span> <span class='ocrx_word' id='word_1_163' title='bbox 483 1213 588 1261; x_wconf 86' lang='lat' dir='ltr'><strong>haec</strong></span> <span class='ocrx_word' id='word_1_164' title='bbox 608 1225 692 1261; x_wconf 89' lang='lat' dir='ltr'><strong>tua</strong></span> <span class='ocrx_word' id='word_1_165' title='bbox 715 1213 914 1278; x_wconf 66' lang='lat' dir='ltr'><strong>physica</strong></span> <span class='ocrx_word' id='word_1_166' title='bbox 937 1232 948 1261; x_wconf 75' lang='grc' dir='ltr'><em>τ</em></span> <span class='ocrx_word' id='word_1_167' title='bbox 984 1227 1175 1279; x_wconf 83' lang='lat' dir='ltr'><strong>patere,</strong></span> <span class='ocrx_word' id='word_1_168' title='bbox 1206 1214 1409 1264; x_wconf 76' lang='lat' dir='ltr'><strong>ulterius</strong></span> <span class='ocrx_word' id='word_1_169' title='bbox 1441 1218 1536 1265; x_wconf 80' lang='lat' dir='ltr'><strong>effe</strong></span> <span class='ocrx_word' id='word_1_170' title='bbox 1556 1230 1642 1264; x_wconf 88' lang='lat' dir='ltr'><strong>me</strong></span> <span class='ocrx_word' id='word_1_171' title='bbox 1671 1217 1836 1264; x_wconf 88' lang='lat' dir='ltr'><strong>curio-</strong></span> 
     </span>
     <span class='ocr_line' id='line_1_19' title="bbox 71 1274 1838 1344; baseline 0.001 -18"><span class='ocrx_word' id='word_1_172' title='bbox 71 1278 200 1326; x_wconf 83' lang='lat' dir='ltr'><strong>sum.</strong></span> <span class='ocrx_word' id='word_1_173' title='bbox 237 1277 345 1326; x_wconf 85' lang='lat' dir='ltr'><strong>Cur</strong></span> <span class='ocrx_word' id='word_1_174' title='bbox 370 1276 539 1324; x_wconf 84' lang='lat' dir='ltr'><strong>multis</strong></span> <span class='ocrx_word' id='word_1_175' title='bbox 566 1274 730 1326; x_wconf 81' lang='lat' dir='ltr'><strong>subito</strong></span> <span class='ocrx_word' id='word_1_176' title='bbox 750 1275 1058 1331; x_wconf 79' lang='lat' dir='ltr'><strong>omnia‚imo</strong></span> <span class='ocrx_word' id='word_1_177' title='bbox 1084 1294 1172 1327; x_wconf 88' lang='lat' dir='ltr'><strong>cur</strong></span> <span class='ocrx_word' id='word_1_178' title='bbox 1192 1280 1340 1329; x_wconf 87' lang='lat' dir='ltr'><strong>multi</strong></span> <span class='ocrx_word' id='word_1_179' title='bbox 1358 1277 1521 1330; x_wconf 77' lang='lat' dir='ltr'><strong>subito</strong></span> <span class='ocrx_word' id='word_1_180' title='bbox 1541 1279 1687 1328; x_wconf 87' lang='lat' dir='ltr'><strong>omni</strong></span> <span class='ocrx_word' id='word_1_181' title='bbox 1697 1294 1838 1344; x_wconf 87' lang='lat' dir='ltr'><strong>pror-</strong></span> 
     </span>
     <span class='ocr_line' id='line_1_20' title="bbox 67 1337 1833 1408; baseline 0 -18"><span class='ocrx_word' id='word_1_182' title='bbox 67 1341 143 1390; x_wconf 89' lang='lat' dir='ltr'><strong>sus</strong></span> <span class='ocrx_word' id='word_1_183' title='bbox 164 1337 421 1389; x_wconf 69' lang='lat' dir='ltr'><strong>memoria</strong></span> <span class='ocrx_word' id='word_1_184' title='bbox 440 1340 674 1389; x_wconf 88' lang='lat' dir='ltr'><strong>excidunt</strong></span> <span class='ocrx_word' id='word_1_185' title='bbox 695 1341 712 1387; x_wconf 72' lang='grc' dir='ltr'><strong>ἓ</strong></span> <span class='ocrx_word' id='word_1_186' title='bbox 745 1352 898 1389; x_wconf 89' lang='lat' dir='ltr'><strong>notus</strong></span> <span class='ocrx_word' id='word_1_187' title='bbox 917 1337 1011 1394; x_wconf 85' lang='lat' dir='ltr'><strong>est,</strong></span> <span class='ocrx_word' id='word_1_188' title='bbox 1037 1345 1537 1406; x_wconf 77' lang='lat' dir='ltr'><strong>communi&#39;quoque</strong></span> <span class='ocrx_word' id='word_1_189' title='bbox 1557 1338 1833 1408; x_wconf 61' lang='lat' dir='ltr'><strong>paroemia,</strong></span> 
     </span>
     <span class='ocr_line' id='line_1_21' title="bbox 67 1402 1835 1469; baseline 0.001 -16"><span class='ocrx_word' id='word_1_190' title='bbox 67 1405 134 1453; x_wconf 93' lang='lat' dir='ltr'><strong>ad</strong></span> <span class='ocrx_word' id='word_1_191' title='bbox 160 1403 427 1453; x_wconf 82' lang='lat' dir='ltr'><strong>exordium</strong></span> <span class='ocrx_word' id='word_1_192' title='bbox 444 1403 582 1451; x_wconf 70' lang='lat' dir='ltr'><strong>dosti</strong></span> <span class='ocrx_word' id='word_1_193' title='bbox 596 1405 877 1451; x_wconf 86' lang='lat' dir='ltr'><strong>certaminis</strong></span> <span class='ocrx_word' id='word_1_194' title='bbox 899 1437 912 1459; x_wconf 91' lang='lat'>,</span> <span class='ocrx_word' id='word_1_195' title='bbox 948 1402 1217 1469; x_wconf 73' lang='lat' dir='ltr'><strong>derepente</strong></span> <span class='ocrx_word' id='word_1_196' title='bbox 1240 1420 1383 1453; x_wconf 79' lang='lat' dir='ltr'><strong>mutus</strong></span> <span class='ocrx_word' id='word_1_197' title='bbox 1395 1407 1718 1467; x_wconf 76' lang='lat' dir='ltr'><strong>Hipparchion:</strong></span> <span class='ocrx_word' id='word_1_198' title='bbox 1742 1421 1835 1455; x_wconf 90' lang='lat' dir='ltr'><strong>no-</strong></span> 
     </span>
     <span class='ocr_line' id='line_1_22' title="bbox 68 1462 1834 1535; baseline 0.001 -19"><span class='ocrx_word' id='word_1_199' title='bbox 68 1470 105 1516; x_wconf 90' lang='lat' dir='ltr'><strong>ti</strong></span> <span class='ocrx_word' id='word_1_200' title='bbox 131 1467 240 1516; x_wconf 89' lang='lat' dir='ltr'><strong>sunt</strong></span> <span class='ocrx_word' id='word_1_201' title='bbox 258 1462 595 1529; x_wconf 84' lang='lat' dir='ltr'><strong>Theophrasti</strong></span> <span class='ocrx_word' id='word_1_202' title='bbox 619 1499 635 1519; x_wconf 71' lang='lat'>‚</span> <span class='ocrx_word' id='word_1_203' title='bbox 669 1469 757 1529; x_wconf 88' lang='lat' dir='ltr'><strong>qui</strong></span> <span class='ocrx_word' id='word_1_204' title='bbox 777 1483 956 1516; x_wconf 88' lang='lat' dir='ltr'><strong>coram</strong></span> <span class='ocrx_word' id='word_1_205' title='bbox 974 1469 1170 1533; x_wconf 88' lang='lat' dir='ltr'><strong>populo</strong></span> <span class='ocrx_word' id='word_1_206' title='bbox 1202 1469 1500 1519; x_wconf 70' lang='lat' dir='ltr'><strong>Atheniensi</strong></span> <span class='ocrx_word' id='word_1_207' title='bbox 1516 1471 1795 1535; x_wconf 88' lang='lat' dir='ltr'><strong>peroraturi</strong></span> <span class='ocrx_word' id='word_1_208' title='bbox 1819 1486 1834 1523; x_wconf 80' lang='lat'>5</span> 
     </span>
     <span class='ocr_line' id='line_1_23' title="bbox 70 1529 1831 1598; baseline 0 -17"><span class='ocrx_word' id='word_1_209' title='bbox 70 1530 300 1581; x_wconf 89' lang='lat' dir='ltr'><strong>Herodes</strong></span> <span class='ocrx_word' id='word_1_210' title='bbox 325 1530 485 1578; x_wconf 91' lang='lat' dir='ltr'><strong>Attici</strong></span> <span class='ocrx_word' id='word_1_211' title='bbox 505 1529 569 1578; x_wconf 85' lang='lat' dir='ltr'><strong>ad</strong></span> <span class='ocrx_word' id='word_1_212' title='bbox 580 1531 969 1580; x_wconf 82' lang='lat' dir='ltr'><strong>M.Antonium</strong></span> <span class='ocrx_word' id='word_1_213' title='bbox 991 1531 1144 1581; x_wconf 84' lang='lat' dir='ltr'><strong>verba</strong></span> <span class='ocrx_word' id='word_1_214' title='bbox 1167 1532 1346 1582; x_wconf 58' lang='lat' dir='ltr'><strong>facturi</strong></span> <span class='ocrx_word' id='word_1_215' title='bbox 1365 1551 1378 1586; x_wconf 81' lang='lat'>3</span> <span class='ocrx_word' id='word_1_216' title='bbox 1413 1534 1654 1584; x_wconf 80' lang='lat' dir='ltr'><strong>Heracliti</strong></span> <span class='ocrx_word' id='word_1_217' title='bbox 1673 1533 1831 1598; x_wconf 71' lang='lat' dir='ltr'><strong>Lycii,</strong></span> 
     </span>
     <span class='ocr_line' id='line_1_24' title="bbox 69 1593 1836 1661; baseline 0.002 -18"><span class='ocrx_word' id='word_1_218' title='bbox 69 1596 157 1657; x_wconf 87' lang='lat' dir='ltr'><strong>qui</strong></span> <span class='ocrx_word' id='word_1_219' title='bbox 183 1608 361 1642; x_wconf 84' lang='lat' dir='ltr'><strong>coram</strong></span> <span class='ocrx_word' id='word_1_220' title='bbox 382 1593 610 1658; x_wconf 81' lang='lat' dir='ltr'><strong>Principe</strong></span> <span class='ocrx_word' id='word_1_221' title='bbox 623 1594 814 1642; x_wconf 83' lang='lat' dir='ltr'><strong>Severo</strong></span> <span class='ocrx_word' id='word_1_222' title='bbox 839 1594 1014 1644; x_wconf 70' lang='lat' dir='ltr'><strong>diCturi</strong></span> <span class='ocrx_word' id='word_1_223' title='bbox 1036 1612 1053 1648; x_wconf 77' lang='lat'>3</span> <span class='ocrx_word' id='word_1_224' title='bbox 1085 1598 1199 1644; x_wconf 89' lang='lat' dir='ltr'><strong>noti</strong></span> <span class='ocrx_word' id='word_1_225' title='bbox 1228 1596 1338 1645; x_wconf 89' lang='lat' dir='ltr'><strong>sunt</strong></span> <span class='ocrx_word' id='word_1_226' title='bbox 1360 1600 1411 1648; x_wconf 70' lang='grc' dir='ltr'><strong>ὃς</strong></span> <span class='ocrx_word' id='word_1_227' title='bbox 1445 1597 1534 1661; x_wconf 82' lang='lat' dir='ltr'><strong>ipsi</strong></span> <span class='ocrx_word' id='word_1_228' title='bbox 1565 1594 1836 1647; x_wconf 84' lang='lat' dir='ltr'><strong>Demoste-</strong></span> 
     </span>
     <span class='ocr_line' id='line_1_25' title="bbox 68 1657 1833 1726; baseline 0.002 -19"><span class='ocrx_word' id='word_1_229' title='bbox 68 1673 157 1707; x_wconf 86' lang='lat' dir='ltr'><strong>nes</strong></span> <span class='ocrx_word' id='word_1_230' title='bbox 177 1690 194 1712; x_wconf 82' lang='lat'>‚</span> <span class='ocrx_word' id='word_1_231' title='bbox 229 1669 341 1706; x_wconf 88' lang='lat' dir='ltr'><strong>utut</strong></span> <span class='ocrx_word' id='word_1_232' title='bbox 371 1657 659 1706; x_wconf 84' lang='lat' dir='ltr'><strong>Oratorum</strong></span> <span class='ocrx_word' id='word_1_233' title='bbox 686 1659 741 1706; x_wconf 77' lang='lat' dir='ltr'><strong>in&#39;</strong></span> <span class='ocrx_word' id='word_1_234' title='bbox 768 1658 960 1707; x_wconf 82' lang='lat' dir='ltr'><strong>Graecia</strong></span> <span class='ocrx_word' id='word_1_235' title='bbox 982 1660 1233 1724; x_wconf 84' lang='lat' dir='ltr'><strong>Principes</strong></span> <span class='ocrx_word' id='word_1_236' title='bbox 1253 1694 1266 1715; x_wconf 81' lang='lat'>‚</span> <span class='ocrx_word' id='word_1_237' title='bbox 1290 1664 1377 1724; x_wconf 86' lang='lat' dir='ltr'><strong>qui</strong></span> <span class='ocrx_word' id='word_1_238' title='bbox 1414 1662 1705 1726; x_wconf 79' lang='lat' dir='ltr'><strong>Philippum</strong></span> <span class='ocrx_word' id='word_1_239' title='bbox 1733 1663 1833 1710; x_wconf 90' lang='lat' dir='ltr'><strong>Re-</strong></span> 
     </span>
     <span class='ocr_line' id='line_1_26' title="bbox 69 1718 1836 1793; baseline 0.002 -23"><span class='ocrx_word' id='word_1_240' title='bbox 69 1736 188 1793; x_wconf 82' lang='lat' dir='ltr'><strong>gem</strong></span> <span class='ocrx_word' id='word_1_241' title='bbox 209 1754 222 1776; x_wconf 82' lang='lat'>,</span> <span class='ocrx_word' id='word_1_242' title='bbox 259 1721 505 1784; x_wconf 84' lang='lat' dir='ltr'><strong>Amyntae</strong></span> <span class='ocrx_word' id='word_1_243' title='bbox 533 1718 698 1770; x_wconf 87' lang='lat' dir='ltr'><strong>filium</strong></span> <span class='ocrx_word' id='word_1_244' title='bbox 716 1754 728 1775; x_wconf 81' lang='lat'>‚</span> <span class='ocrx_word' id='word_1_245' title='bbox 766 1724 1012 1772; x_wconf 85' lang='lat' dir='ltr'><strong>Oratorio</strong></span> <span class='ocrx_word' id='word_1_246' title='bbox 1051 1738 1290 1788; x_wconf 84' lang='lat' dir='ltr'><strong>apparatu</strong></span> <span class='ocrx_word' id='word_1_247' title='bbox 1319 1726 1587 1775; x_wconf 68' lang='lat' dir='ltr'><strong>allocuturi</strong></span> <span class='ocrx_word' id='word_1_248' title='bbox 1612 1757 1626 1779; x_wconf 82' lang='lat'>‚</span> <span class='ocrx_word' id='word_1_249' title='bbox 1661 1737 1836 1789; x_wconf 81' lang='lat' dir='ltr'><strong>praeter</strong></span> 
     </span>
     <span class='ocr_line' id='line_1_27' title="bbox 67 1783 1837 1854; baseline 0.002 -19"><span class='ocrx_word' id='word_1_250' title='bbox 67 1791 202 1850; x_wconf 72' lang='lat' dir='ltr'><strong>spem</strong></span> <span class='ocrx_word' id='word_1_251' title='bbox 225 1786 480 1835; x_wconf 88' lang='lat' dir='ltr'><strong>omnium,</strong></span> <span class='ocrx_word' id='word_1_252' title='bbox 509 1783 646 1847; x_wconf 83' lang='lat' dir='ltr'><strong>quasi</strong></span> <span class='ocrx_word' id='word_1_253' title='bbox 673 1784 874 1834; x_wconf 86' lang='lat' dir='ltr'><strong>Letheis</strong></span> <span class='ocrx_word' id='word_1_254' title='bbox 909 1788 962 1834; x_wconf 89' lang='lat' dir='ltr'><strong>in</strong></span> <span class='ocrx_word' id='word_1_255' title='bbox 995 1789 1141 1837; x_wconf 85' lang='lat' dir='ltr'><strong>undis</strong></span> <span class='ocrx_word' id='word_1_256' title='bbox 1177 1787 1340 1838; x_wconf 79' lang='lat' dir='ltr'><strong>subito</strong></span> <span class='ocrx_word' id='word_1_257' title='bbox 1380 1789 1606 1854; x_wconf 82' lang='lat' dir='ltr'><strong>naufragi</strong></span> <span class='ocrx_word' id='word_1_258' title='bbox 1632 1821 1644 1840; x_wconf 76' lang='grc'><em>,</em></span> <span class='ocrx_word' id='word_1_259' title='bbox 1680 1788 1837 1838; x_wconf 88' lang='lat' dir='ltr'><strong>hianti</strong></span> 
     </span>
     <span class='ocr_line' id='line_1_28' title="bbox 67 1845 1836 1917; baseline 0.002 -19"><span class='ocrx_word' id='word_1_260' title='bbox 67 1863 158 1898; x_wconf 91' lang='lat' dir='ltr'><strong>ore</strong></span> <span class='ocrx_word' id='word_1_261' title='bbox 181 1848 245 1897; x_wconf 88' lang='lat' dir='ltr'><strong>ad</strong></span> <span class='ocrx_word' id='word_1_262' title='bbox 263 1845 411 1896; x_wconf 84' lang='lat' dir='ltr'><strong>instar</strong></span> <span class='ocrx_word' id='word_1_263' title='bbox 430 1847 637 1910; x_wconf 87' lang='lat' dir='ltr'><strong>piscium</strong></span> <span class='ocrx_word' id='word_1_264' title='bbox 652 1881 664 1901; x_wconf 86' lang='lat'>‚</span> <span class='ocrx_word' id='word_1_265' title='bbox 703 1847 1029 1899; x_wconf 68' lang='lat' dir='ltr'><strong>obmutuere.</strong></span> <span class='ocrx_word' id='word_1_266' title='bbox 1111 1852 1276 1901; x_wconf 81' lang='lat' dir='ltr'><strong>MEL:</strong></span> <span class='ocrx_word' id='word_1_267' title='bbox 1316 1853 1604 1902; x_wconf 86' lang='lat' dir='ltr'><strong>Oblivionis</strong></span> <span class='ocrx_word' id='word_1_268' title='bbox 1627 1865 1734 1901; x_wconf 87' lang='lat' dir='ltr'><strong>tam</strong></span> <span class='ocrx_word' id='word_1_269' title='bbox 1754 1868 1836 1917; x_wconf 84' lang='lat' dir='ltr'><strong>pa-</strong></span> 
     </span>
     <span class='ocr_line' id='line_1_29' title="bbox 68 1908 2080 1980; baseline -0.002 -18"><span class='ocrx_word' id='word_1_270' title='bbox 68 1912 271 1962; x_wconf 82' lang='lat' dir='ltr'><strong>radoxae</strong></span> <span class='ocrx_word' id='word_1_271' title='bbox 298 1910 501 1960; x_wconf 88' lang='lat' dir='ltr'><strong>occafio</strong></span> <span class='ocrx_word' id='word_1_272' title='bbox 522 1913 678 1959; x_wconf 85' lang='lat' dir='ltr'><strong>timor</strong></span> <span class='ocrx_word' id='word_1_273' title='bbox 699 1908 767 1960; x_wconf 86' lang='lat' dir='ltr'><strong>est</strong></span> <span class='ocrx_word' id='word_1_274' title='bbox 789 1928 802 1964; x_wconf 82' lang='lat'>3</span> <span class='ocrx_word' id='word_1_275' title='bbox 838 1914 977 1975; x_wconf 82' lang='lat' dir='ltr'><strong>fugat</strong></span> <span class='ocrx_word' id='word_1_276' title='bbox 994 1912 1076 1961; x_wconf 87' lang='lat' dir='ltr'><strong>hic</strong></span> <span class='ocrx_word' id='word_1_277' title='bbox 1102 1914 1168 1963; x_wconf 91' lang='lat' dir='ltr'><strong>ad</strong></span> <span class='ocrx_word' id='word_1_278' title='bbox 1188 1916 1461 1978; x_wconf 66' lang='lat' dir='ltr'><strong>praecordia</strong></span> <span class='ocrx_word' id='word_1_279' title='bbox 1499 1915 1715 1980; x_wconf 83' lang='lat' dir='ltr'><strong>spiritus,</strong></span> <span class='ocrx_word' id='word_1_280' title='bbox 1754 1932 1840 1965; x_wconf 68' lang='lat' dir='ltr'><strong>na«</strong></span> <span class='ocrx_word' id='word_1_281' title='bbox 1871 1909 2080 1961; x_wconf 81' lang='lat' dir='ltr'><strong>Conimbr:</strong></span> 
     </span>
     <span class='ocr_line' id='line_1_30' title="bbox 68 1974 1886 2039; baseline 0.002 -15"><span class='ocrx_word' id='word_1_282' title='bbox 68 1974 338 2039; x_wconf 77' lang='lat' dir='ltr'><strong>rivumque</strong></span> <span class='ocrx_word' id='word_1_283' title='bbox 372 1990 493 2024; x_wconf 90' lang='lat' dir='ltr'><strong>cum</strong></span> <span class='ocrx_word' id='word_1_284' title='bbox 527 1974 767 2038; x_wconf 89' lang='lat' dir='ltr'><strong>spiritibus</strong></span> <span class='ocrx_word' id='word_1_285' title='bbox 798 1975 1024 2024; x_wconf 88' lang='lat' dir='ltr'><strong>calorem</strong></span> <span class='ocrx_word' id='word_1_286' title='bbox 1053 1995 1064 2024; x_wconf 90' lang='lat'>:</span> <span class='ocrx_word' id='word_1_287' title='bbox 1101 1975 1221 2026; x_wconf 89' lang='lat' dir='ltr'><strong>hinc</strong></span> <span class='ocrx_word' id='word_1_288' title='bbox 1255 1981 1520 2028; x_wconf 87' lang='lat' dir='ltr'><strong>memoriae</strong></span> <span class='ocrx_word' id='word_1_289' title='bbox 1551 1978 1756 2028; x_wconf 87' lang='lat' dir='ltr'><strong>officina</strong></span> <span class='ocrx_word' id='word_1_290' title='bbox 1783 1983 1837 2028; x_wconf 89' lang='lat' dir='ltr'><strong>in</strong></span> <span class='ocrx_word' id='word_1_291' title='bbox 1884 2015 1886 2017; x_wconf 91' lang='lat'>-</span> 
     </span>
     <span class='ocr_line' id='line_1_31' title="bbox 67 2035 1835 2108; baseline 0.002 -20"><span class='ocrx_word' id='word_1_292' title='bbox 67 2039 297 2092; x_wconf 84' lang='lat' dir='ltr'><strong>cerebro,</strong></span> <span class='ocrx_word' id='word_1_293' title='bbox 317 2036 384 2087; x_wconf 89' lang='lat' dir='ltr'><strong>fic</strong></span> <span class='ocrx_word' id='word_1_294' title='bbox 411 2035 769 2103; x_wconf 80' lang='lat' dir='ltr'><strong>constringitur</strong></span> <span class='ocrx_word' id='word_1_295' title='bbox 791 2039 954 2087; x_wconf 89' lang='lat' dir='ltr'><strong>subito</strong></span> <span class='ocrx_word' id='word_1_296' title='bbox 977 2040 1165 2105; x_wconf 84' lang='lat' dir='ltr'><strong>frigore</strong></span> <span class='ocrx_word' id='word_1_297' title='bbox 1184 2074 1198 2096; x_wconf 86' lang='lat'>‚</span> <span class='ocrx_word' id='word_1_298' title='bbox 1218 2055 1273 2091; x_wconf 87' lang='lat' dir='ltr'><strong>ut</strong></span> <span class='ocrx_word' id='word_1_299' title='bbox 1295 2058 1466 2092; x_wconf 84' lang='lat' dir='ltr'><strong>rerum</strong></span> <span class='ocrx_word' id='word_1_300' title='bbox 1489 2044 1730 2107; x_wconf 82' lang='lat' dir='ltr'><strong>imagines</strong></span> <span class='ocrx_word' id='word_1_301' title='bbox 1753 2059 1835 2108; x_wconf 91' lang='lat' dir='ltr'><strong>pe-</strong></span> 
     </span>
     <span class='ocr_line' id='line_1_32' title="bbox 71 2101 1837 2171; baseline 0.003 -20"><span class='ocrx_word' id='word_1_302' title='bbox 71 2101 201 2152; x_wconf 78' lang='lat' dir='ltr'><strong>nitus</strong></span> <span class='ocrx_word' id='word_1_303' title='bbox 222 2102 539 2152; x_wconf 83' lang='lat' dir='ltr'><strong>aboleantur.</strong></span> <span class='ocrx_word' id='word_1_304' title='bbox 605 2103 824 2152; x_wconf 90' lang='lat' dir='ltr'><strong>Accedit</strong></span> <span class='ocrx_word' id='word_1_305' title='bbox 846 2135 859 2156; x_wconf 80' lang='lat'><strong>‚</strong></span> <span class='ocrx_word' id='word_1_306' title='bbox 897 2104 1042 2167; x_wconf 88' lang='lat' dir='ltr'><strong>quod</strong></span> <span class='ocrx_word' id='word_1_307' title='bbox 1074 2120 1186 2154; x_wconf 90' lang='lat' dir='ltr'><strong>non</strong></span> <span class='ocrx_word' id='word_1_308' title='bbox 1220 2103 1336 2156; x_wconf 78' lang='lat' dir='ltr'><strong>raro</strong></span> <span class='ocrx_word' id='word_1_309' title='bbox 1371 2106 1576 2171; x_wconf 87' lang='lat' dir='ltr'><strong>ipsamet</strong></span> <span class='ocrx_word' id='word_1_310' title='bbox 1603 2105 1837 2156; x_wconf 77' lang='lat' dir='ltr'><strong>sollicitu-</strong></span> 
     </span>
     <span class='ocr_line' id='line_1_33' title="bbox 69 2165 1835 2236; baseline 0.002 -22"><span class='ocrx_word' id='word_1_311' title='bbox 69 2165 140 2214; x_wconf 85' lang='lat' dir='ltr'><strong>do</strong></span> <span class='ocrx_word' id='word_1_312' title='bbox 155 2197 167 2219; x_wconf 92' lang='lat'>,</span> <span class='ocrx_word' id='word_1_313' title='bbox 202 2180 358 2227; x_wconf 89' lang='lat' dir='ltr'><strong>quam</strong></span> <span class='ocrx_word' id='word_1_314' title='bbox 379 2181 472 2230; x_wconf 91' lang='lat' dir='ltr'><strong>pro</strong></span> <span class='ocrx_word' id='word_1_315' title='bbox 498 2169 748 2216; x_wconf 84' lang='lat' dir='ltr'><strong>memoria</strong></span> <span class='ocrx_word' id='word_1_316' title='bbox 766 2168 985 2232; x_wconf 83' lang='lat' dir='ltr'><strong>gerimus</strong></span> <span class='ocrx_word' id='word_1_317' title='bbox 1007 2201 1020 2221; x_wconf 67' lang='lat'>2</span> <span class='ocrx_word' id='word_1_318' title='bbox 1055 2173 1365 2218; x_wconf 78' lang='lat' dir='ltr'><strong>memoriam</strong></span> <span class='ocrx_word' id='word_1_319' title='bbox 1379 2170 1547 2219; x_wconf 85' lang='lat' dir='ltr'><strong>turbet</strong></span> <span class='ocrx_word' id='word_1_320' title='bbox 1564 2205 1578 2222; x_wconf 83' lang='lat'><em>,</em></span> <span class='ocrx_word' id='word_1_321' title='bbox 1615 2172 1727 2234; x_wconf 85' lang='lat' dir='ltr'><strong>quia</strong></span> <span class='ocrx_word' id='word_1_322' title='bbox 1748 2171 1835 2236; x_wconf 87' lang='lat' dir='ltr'><strong>spi-</strong></span> 
     </span>
     <span class='ocr_line' id='line_1_34' title="bbox 71 2225 1834 2295; baseline 0.005 -20"><span class='ocrx_word' id='word_1_323' title='bbox 71 2225 190 2276; x_wconf 73' lang='lat' dir='ltr'><strong>fltus</strong></span> <span class='ocrx_word' id='word_1_324' title='bbox 210 2226 398 2291; x_wconf 83' lang='lat' dir='ltr'><strong>diffipat</strong></span> <span class='ocrx_word' id='word_1_325' title='bbox 421 2262 434 2283; x_wconf 83' lang='lat'>‚</span> <span class='ocrx_word' id='word_1_326' title='bbox 470 2231 735 2295; x_wconf 83' lang='lat' dir='ltr'><strong>primarios</strong></span> <span class='ocrx_word' id='word_1_327' title='bbox 761 2233 1025 2280; x_wconf 81' lang='lat' dir='ltr'><strong>memoriae</strong></span> <span class='ocrx_word' id='word_1_328' title='bbox 1049 2230 1394 2282; x_wconf 86' lang='lat' dir='ltr'><strong>administros:</strong></span> <span class='ocrx_word' id='word_1_329' title='bbox 1433 2234 1495 2282; x_wconf 88' lang='lat' dir='ltr'><strong>ab</strong></span> <span class='ocrx_word' id='word_1_330' title='bbox 1524 2233 1717 2283; x_wconf 86' lang='lat' dir='ltr'><strong>horum</strong></span> <span class='ocrx_word' id='word_1_331' title='bbox 1743 2235 1834 2284; x_wconf 90' lang='lat' dir='ltr'><strong>ob-</strong></span> 
     </span>
     <span class='ocr_line' id='line_1_35' title="bbox 69 2290 1833 2362; baseline 0.005 -22"><span class='ocrx_word' id='word_1_332' title='bbox 69 2291 243 2354; x_wconf 82' lang='lat' dir='ltr'><strong>sequiis</strong></span> <span class='ocrx_word' id='word_1_333' title='bbox 274 2290 393 2340; x_wconf 76' lang='lat' dir='ltr'><strong>cum</strong></span> <span class='ocrx_word' id='word_1_334' title='bbox 415 2293 694 2356; x_wconf 78' lang='lat' dir='ltr'><strong>plurimum</strong></span> <span class='ocrx_word' id='word_1_335' title='bbox 729 2294 946 2359; x_wconf 84' lang='lat' dir='ltr'><strong>pendeat</strong></span> <span class='ocrx_word' id='word_1_336' title='bbox 981 2294 1087 2344; x_wconf 86' lang='lat' dir='ltr'><strong>haec</strong></span> <span class='ocrx_word' id='word_1_337' title='bbox 1120 2296 1327 2346; x_wconf 81' lang='lat' dir='ltr'><strong>facultas</strong></span> <span class='ocrx_word' id='word_1_338' title='bbox 1347 2333 1359 2349; x_wconf 88' lang='lat'>‚</span> <span class='ocrx_word' id='word_1_339' title='bbox 1398 2296 1676 2362; x_wconf 77' lang='lat' dir='ltr'><strong>plurimum</strong></span> <span class='ocrx_word' id='word_1_340' title='bbox 1705 2314 1833 2361; x_wconf 89' lang='lat' dir='ltr'><strong>quo-</strong></span> 
     </span>
     <span class='ocr_line' id='line_1_36' title="bbox 69 2354 1832 2424; baseline 0.006 -23"><span class='ocrx_word' id='word_1_341' title='bbox 69 2369 169 2417; x_wconf 85' lang='lat' dir='ltr'><strong>que</strong></span> <span class='ocrx_word' id='word_1_342' title='bbox 191 2354 375 2419; x_wconf 88' lang='lat' dir='ltr'><strong>pendet</strong></span> <span class='ocrx_word' id='word_1_343' title='bbox 400 2356 785 2420; x_wconf 86' lang='lat' dir='ltr'><strong>problematum</strong></span> <span class='ocrx_word' id='word_1_344' title='bbox 805 2358 995 2407; x_wconf 89' lang='lat' dir='ltr'><strong>erudita</strong></span> <span class='ocrx_word' id='word_1_345' title='bbox 1022 2359 1246 2424; x_wconf 68' lang='lat' dir='ltr'><strong>analyfis⁸</strong></span> <span class='ocrx_word' id='word_1_346' title='bbox 1340 2362 1476 2411; x_wconf 88' lang='lat' dir='ltr'><strong>Scire</strong></span> <span class='ocrx_word' id='word_1_347' title='bbox 1506 2361 1674 2411; x_wconf 89' lang='lat' dir='ltr'><strong>forsan</strong></span> <span class='ocrx_word' id='word_1_348' title='bbox 1712 2362 1832 2412; x_wconf 82' lang='lat' dir='ltr'><strong>defi-</strong></span> 
     </span>
     <span class='ocr_line' id='line_1_37' title="bbox 69 2416 1830 2491; baseline 0.005 -24"><span class='ocrx_word' id='word_1_349' title='bbox 69 2418 207 2467; x_wconf 89' lang='lat' dir='ltr'><strong>deras</strong></span> <span class='ocrx_word' id='word_1_350' title='bbox 233 2449 246 2471; x_wconf 88' lang='lat'>‚</span> <span class='ocrx_word' id='word_1_351' title='bbox 282 2432 373 2466; x_wconf 90' lang='lat' dir='ltr'><strong>cur</strong></span> <span class='ocrx_word' id='word_1_352' title='bbox 391 2416 504 2485; x_wconf 90' lang='lat' dir='ltr'><strong>post</strong></span> <span class='ocrx_word' id='word_1_353' title='bbox 521 2419 674 2470; x_wconf 84' lang='lat' dir='ltr'><strong>libata</strong></span> <span class='ocrx_word' id='word_1_354' title='bbox 704 2421 882 2487; x_wconf 84' lang='lat' dir='ltr'><strong>frugali</strong></span> <span class='ocrx_word' id='word_1_355' title='bbox 902 2423 1053 2471; x_wconf 89' lang='lat' dir='ltr'><strong>etiam</strong></span> <span class='ocrx_word' id='word_1_356' title='bbox 1079 2423 1264 2473; x_wconf 88' lang='lat' dir='ltr'><strong>Cerere</strong></span> <span class='ocrx_word' id='word_1_357' title='bbox 1291 2425 1496 2491; x_wconf 88' lang='lat' dir='ltr'><strong>prandia</strong></span> <span class='ocrx_word' id='word_1_358' title='bbox 1519 2458 1532 2477; x_wconf 82' lang='lat'>‚</span> <span class='ocrx_word' id='word_1_359' title='bbox 1569 2424 1711 2477; x_wconf 87' lang='lat' dir='ltr'><strong>ferias</strong></span> <span class='ocrx_word' id='word_1_360' title='bbox 1741 2426 1830 2476; x_wconf 86' lang='lat' dir='ltr'><strong>fibi</strong></span> 
     </span>
     <span class='ocr_line' id='line_1_38' title="bbox 64 2481 1830 2556; baseline 0.005 -25"><span class='ocrx_word' id='word_1_361' title='bbox 64 2481 319 2531; x_wconf 86' lang='lat' dir='ltr'><strong>memoria</strong></span> <span class='ocrx_word' id='word_1_362' title='bbox 351 2481 623 2548; x_wconf 77' lang='lat' dir='ltr'><strong>deposcat?</strong></span> <span class='ocrx_word' id='word_1_363' title='bbox 659 2486 800 2535; x_wconf 84' lang='lat' dir='ltr'><strong>causa</strong></span> <span class='ocrx_word' id='word_1_364' title='bbox 817 2487 969 2535; x_wconf 88' lang='lat' dir='ltr'><strong>latere</strong></span> <span class='ocrx_word' id='word_1_365' title='bbox 991 2490 1166 2550; x_wconf 86' lang='lat' dir='ltr'><strong>nequit</strong></span> <span class='ocrx_word' id='word_1_366' title='bbox 1181 2487 1580 2554; x_wconf 85' lang='lat' dir='ltr'><strong>Philosophum:</strong></span> <span class='ocrx_word' id='word_1_367' title='bbox 1617 2506 1830 2556; x_wconf 88' lang='lat' dir='ltr'><strong>vapores</strong></span> 
     </span>
     <span class='ocr_line' id='line_1_39' title="bbox 68 2547 1831 2665; baseline 0.003 -68"><span class='ocrx_word' id='word_1_368' title='bbox 68 2559 256 2613; x_wconf 87' lang='lat' dir='ltr'><strong>nempe</strong></span> <span class='ocrx_word' id='word_1_369' title='bbox 273 2557 470 2596; x_wconf 83' lang='lat' dir='ltr'><strong>meatus</strong></span> <span class='ocrx_word' id='word_1_370' title='bbox 487 2547 746 2614; x_wconf 86' lang='lat' dir='ltr'><strong>spirituum</strong></span> <span class='ocrx_word' id='word_1_371' title='bbox 770 2547 1063 2665; x_wconf 59' lang='grc' dir='ltr'><strong>οὸίὶῐέυηῑ,</strong></span> <span class='ocrx_word' id='word_1_372' title='bbox 1098 2549 1291 2619; x_wconf 74' lang='lat' dir='ltr'><strong>ip51que</strong></span> <span class='ocrx_word' id='word_1_373' title='bbox 1315 2569 1436 2604; x_wconf 89' lang='lat' dir='ltr'><strong>cum</strong></span> <span class='ocrx_word' id='word_1_374' title='bbox 1455 2553 1546 2606; x_wconf 90' lang='lat' dir='ltr'><strong>suo</strong></span> <span class='ocrx_word' id='word_1_375' title='bbox 1567 2554 1735 2625; x_wconf 35' lang='lat' dir='ltr'><strong>calo-re</strong></span> <span class='ocrx_word' id='word_1_376' title='bbox 1746 2553 1831 2618; x_wconf 89' lang='lat' dir='ltr'><strong>spi-</strong></span> 
     </span>
    </p>

    <p class='ocr_par' dir='ltr' id='par_1_4' title="bbox 465 2628 1767 2674">
     <span class='ocr_line' id='line_1_40' title="bbox 465 2628 1767 2674; baseline 0 -8"><span class='ocrx_word' id='word_1_377' title='bbox 465 2653 467 2655; x_wconf 24' lang='lat' dir='ltr'><strong>r</strong></span> <span class='ocrx_word' id='word_1_378' title='bbox 985 2628 1007 2674; x_wconf 87' lang='lat'><em>3</em></span> <span class='ocrx_word' id='word_1_379' title='bbox 1648 2628 1767 2667; x_wconf 79' lang='lat' dir='ltr'><strong>ritus</strong></span> 
     </span>
    </p>
   </div>
  </div>
 </body>
</html>
