2182 2916
107 195 288 250 Trebell:

107 266 239 310 Polus
260 266 306 310 in

106 327 321 387 trig:'1”yr.

116 404 159 448 3,
174 392 281 449 Reg.

113 468 131 498 1
144 468 186 499 2.

107 517 254 563 Coelius
282 533 330 560 a-

100 581 190 641 pud
207 583 329 625 Scar-

109 644 201 702 lat-2

105 706 334 754 Plutarch.

144 908 307 953 Facies.

144 1105 279 1151 Dion.

111 1446 334 1519 Mytholo-

112 1578 154 1620 S.
162 1524 290 1621 [ἵεν.-

109 1636 339 1699 εμαιίῗιιν·

116 2259 333 2310 z‘nPhoedr.

112 2387 337 2439 inConviv,

427 74 488 121 82
825 32 841 41 l
952 64 1128 127 Coloffiaes
1158 66 1380 129 Mysticusa

353 161 599 227 procumbit
622 162 742 209 humi
764 158 852 208 bos.
920 160 1158 211 Famosus
1179 157 1253 210 est.
1273 159 1524 212 Roboam
1547 193 1561 216 ‚
1598 162 1684 225 qui
1725 176 1834 212 uno
1865 162 2025 240 digito
2061 164 2129 215 fic

360 227 529 278 afflixit
550 223 851 275 fortissimos
872 257 886 279 ‚
923 237 978 273 ut
999 223 1138 288 quasi
1157 224 1243 274 sub
1270 224 1455 273 incude
1483 224 1742 279 dolerent3
1758 227 2012 279 malleove
2025 243 2134 292 per-

361 289 479 340 cussi
499 300 811 339 corruerent.
876 287 975 338 Sed
999 304 1099 338 nec
1117 287 1325 353 pedibus
1348 288 1433 337 sua
1463 288 1637 338 desunt
1659 290 1920 355 prodigia:
1957 291 2099 342 fuere
2114 323 2129 345 ‚

361 357 448 417 qui
472 352 681 410 brachiis
705 354 921 400 truncati
947 385 960 405 ‚
996 367 1175 400 manus
1207 353 1491 400 invenirent
1522 354 1575 401 in
1612 353 1820 418 pedibus
1847 372 1857 402 :
1894 369 2016 403 nam
2039 355 2132 404 illis

360 417 543 466 asciam
577 415 782 464 tractare
811 448 825 469 ‚
861 414 1007 463 ludus·
1038 433 1051 462 :
1086 412 1346 463 belliffime
1378 416 1631 464 calamum
1657 433 1827 482 regere
1849 450 1861 471 ‚
1894 416 2090 467 habitus
2116 435 2127 465 :

366 481 586 545 sclopeta
607 482 659 528 in
680 479 891 542 scopum
913 476 1028 526 scite
1059 493 1330 527 exonerare
1353 511 1365 531 ‚
1402 478 1599 528 utitatus
1629 480 1917 544 frequenter
1951 481 2091 538 jocus
2116 497 2127 528 :

363 541 493 593 imo*
519 543 612 592 fuit
639 576 652 596 ,
690 545 775 605 qui
820 540 903 589 fila
931 541 1141 606 pedibus
1179 541 1384 599 duceret
1428 554 1532 591 tam
1571 541 1725 608 perite
1749 580 1762 595 ‚
1809 556 1863 592 ut
1915 560 2131 594 manum

366 606 634 671 Phrygiam
657 604 897 654 Arachne
919 604 1125 668 ipsamet
1157 602 1368 660 jurfiffct.
1467 606 1562 654 Sed
1599 610 1647 657 ἃ
1671 623 1810 655 aures
1840 610 1892 656 in
1919 607 2129 671 pedibus

365 670 548 719 habere
585 670 978 731 solentTyranni
1004 686 1018 715 τ
1051 667 1168 716 hinc
1193 667 1440 731 Dionyfio
1468 669 1662 734 supplex
1686 707 1698 721 ‚
1736 670 1854 719 cum
1883 671 1946 719 ad
1977 670 2134 735 pedes

367 734 613 783 accideret
637 732 877 796 quispiam
902 765 914 785 ,
951 731 1270 796 exprobranti
1299 732 1489 780 facinus
1519 737 1687 782 amico
1709 768 1721 787 ‚
1738 735 1954 797 reposuit
1976 752 1985 780 ;
2021 737 2133 782 Non

367 811 440 857 ego
471 800 514 843 in
544 797 665 857 culpa
687 797 782 853 firm
805 831 818 846 ,
845 796 917 853 sed
943 794 1168 857 Dionjfias
1197 831 1210 847 ,
1236 797 1321 858 ‘qm'
1353 810 1476 842 aures
1503 796 1631 842 hahet
1663 801 1706 843 in
1720 797 1917 858 pedibus.

524 924 722 975 LEUC:
760 925 897 972 lnter
912 924 1139 989 corporis
1160 921 1390 972 membra
1405 958 1416 977 ‚
1439 923 1613 977 facies,
1635 923 1815 979 credo,
1836 926 2030 989 Regina
2046 921 2134 978 cst,

362 987 725 1051 summumque
752 987 1040 1052 prodigium
1076 1001 1277 1035 naturas.
1349 989 1475 1053 Quis
1509 990 1643 1037 enim
1673 1006 1781 1036 non
1821 987 2134 1054 obstupescat

363 1049 672 1108 majestatem
696 1052 832 1099 illam
853 1085 865 1104 ,
905 1067 1012 1113 quae
1033 1053 1082 1098 in
1103 1051 1228 1099 facie
1251 1084 1264 1104 ,
1301 1064 1499 1115 patente
1513 1053 1664 1100 veluti
1680 1050 1833 1106 solio,
1856 1055 2008 1101 ctiam
2033 1051 2131 1101 sese

360 1115 534 1179 prodit
552 1115 811 1163 invictam.
877 1114 1152 1171 Traianum
1171 1111 1304 1163 certe
1326 1116 1477 1162 ctiam
1499 1117 1552 1162 in
1575 1117 1803 1179 gregario
1827 1117 2134 1179 praeliantem

362 1179 480 1243 lago
502 1211 514 1231 ‚
538 1181 740 1229 canities,
767 1175 829 1223 ort'
847 1194 925 1240 que
946 1177 1138 1236 majestas
1160 1179 1402 1288 Prinifig'pt’m
1414 1180 1622 1237 prodidit.
1660 1180 1866 1227 Notum
1884 1175 1953 1226 est
1972 1178 2093 1227 illud
2117 1195 2134 1226 ;

359 1244 538 1291 Priami
549 1241 706 1301 species
727 1243 853 1300 digna
886 1244 1090 1301 Inqoerio.
1161 1240 1256 1305 Uly
1299 1255 1362 1289 en
1398 1241 1580 1302 quovis
1614 1242 1700 1291 Iro
1736 1243 2091 1306 pauperiorem
2115 1274 2133 1295 ‚

363 1307 478 1369 quia
504 1305 701 1353 nudum
717 1337 730 1358 ,
766 1306 1040 1356 inermem,
1056 1300 1307 1366 marisque
1320 1303 1493 1367 perfidi
1515 1303 2132 1360 reiestamentumfflhaea-

364 1372 450 1418 ciae
467 1369 646 1417 incolae
662 1369 840 1421 ‚etiam
870 1370 1105 1432 ignotum
1121 1400 1135 1419 ‚
1153 1364 1410 1431 agnovere
1435 1366 1490 1414 ut
1502 1369 1813 1432 Principem,
1849 1380 2041 1416 tantam
2062 1383 2133 1416 re-

363 1434 640 1482 verentiam
661 1429 826 1480 vultus
848 1432 1107 1496 spssmvetat
1138 1426 1376 1485 maiestaS.
1416 1431 1543 1493 Qis
1576 1444 1687 1478 non
1709 1431 1983 1480 admiretur
2005 1430 2134 1494 sym-

368 1495 626 1562 pathicum
647 1494 815 1544 foedus
840 1528 853 1548 ‚
890 1494 1033 1557 quod
1052 1493 1207 1541 habet
1227 1508 1345 1542 cum
1366 1495 1584 1558 partibus
1615 1490 1852 1542 intestinis
1876 1495 1892 1542 ἓ
1918 1495 2133 1554 speculum

370 1563 503 1605 animi
529 1555 717 1607 merito
740 1558 924 1606 diceres
940 1591 953 1610 ,
989 1554 1241 1619 totiul'clue
1262 1557 1487 1620 corporis
1501 1573 1611 1605 nou
1631 1557 1998 1621 compendium
2018 1572 2138 1606 mo·

372 1621 442 1672 do
458 1656 470 1676 ‚
508 1622 588 1670 sed
608 1625 658 1672 ὅ(
680 1634 880 1670 mutam
904 1655 917 1675 ‚
939 1618 1399 1683 disertissimamque
1424 1618 1569 1669 fimul
1587 1621 1929 1684 interpretem,
1972 1619 2130 1667 MEL:

369 1682 527 1735 Reste
551 1684 807 1733 observas:
841 1700 962 1732 nam
981 1683 1081 1733 sine
1095 1683 1306 1732 vocibus
1327 1695 1524 1732 aetatem
1547 1683 1718 1748 prodit
1739 1686 1789 1733 ἃ.
1809 1683 2003 1732 sexum:
2029 1682 2132 1732 fine

367 1747 820 1812 litterislegcndam
848 1746 1048 1796 exhibet
1069 1749 1366 1810 temperiem
1386 1779 1398 1800 ,
1423 1750 1473 1796 ὅ(
1495 1745 1837 1795 valetudinem
1861 1765 1870 1794 :
1908 1745 2133 1800 imssffive-

366 1814 457 1862 luti
488 1814 654 1860 verior
680 1813 854 1861 Momi
879 1807 1090 1859 fenestra
1112 1843 1124 1862 ‚
1159 1810 1368 1858 latentes
1396 1811 1550 1857 animi
1579 1822 1752 1858 motus
1781 1843 1793 1864 ‚
1829 1807 2133 1872 affectusque

366 1876 528 1925 oculis
550 1876 791 1940 proponit
815 1890 871 1922 ae
893 1870 1192 1923 manifestat.
1262 1873 1362 1922 Sed
1382 1869 1452 1920 est
1474 1873 1595 1921 alius
1616 1908 1631 1924 ,
1657 1875 1742 1936 qui
1765 1871 1922 1936 magis
1945 1872 2132 1922 faciem

367 1935 572 1988 illustrat
596 1972 609 1992 ‚
644 1937 877 2003 splendor
898 1955 912 1986 z
946 1935 1325 2002 pulchritudinis·
1342 1936 1547 1990 scilicet,
1573 1950 1674 1998 qua
1691 1935 2132 2001 gloriaturseCha-

367 2004 521 2051 ritum
546 2001 738 2055 sedem,
763 2013 1056 2064 magnetem
1076 1999 1308 2048 cordium
1325 2032 1340 2054 ‚
1357 1999 1571 2049 Amoris
1595 1998 1860 2048 thronum*
1925 2000 2041 2048 Nec
2068 1999 2132 2056 ia-

367 2063 580 2115 &antius
601 2065 842 2129 gloriatui·
861 2097 874 2118 ‚
897 2063 1053 2126 quarn
1075 2063 1239 2113 verius
1262 2080 1273 2110 :
1310 2064 1418 2126 quis
1444 2064 1580 2110 enim
1615 2062 1685 2110 sat
1713 2064 1874 2127 capiet
1890 2063 1999 2110 vim
2026 2060 2132 2111 for-

369 2145 466 2177 mae
485 2128 806 2176 flexanimeni
827 2128 842 2175 ἓ
879 2127 1225 2191 prodigiosum
1247 2122 1463 2175 venustae
1503 2124 1685 2173 frontis
1714 2126 1994 2189 Imperium
2016 2126 2126 2188 quis

370 2191 667 2256 explicabit?
702 2190 767 2239 fic
795 2191 974 2242 allicit,
1005 2192 1190 2238 invitos
1214 2202 1421 2252 quoque
1451 2201 1506 2237 ut
1543 2189 1723 2252 rapiam
1766 2188 1832 2236 fic
1855 2189 1982 2252 rapit
2003 2221 2017 2242 ‚
2069 2200 2129 2237 ut

371 2255 654 2320 spontaneis
691 2251 986 2304 constrictos
1031 2254 1240 2304 vinculis
1271 2252 1421 2300 ducat
1456 2254 1508 2302 in
1545 2251 1880 2315 triumphurn.
1965 2247 2128 2301 Recte

373 2318 612 2382 equidem
623 2317 783 2372 Plato,
796 2318 867 2366 nil
887 2317 1067 2367 fortius
1088 2318 1143 2365 in
1158 2314 1358 2366 mundo
1382 2314 1517 2368 dixit,
1529 2315 1592 2363 ad
1614 2314 1917 2380 subjuganda
1937 2326 2129 2363 morta-

373 2382 500 2430 lium
521 2381 705 2435 corda‚
740 2379 896 2444 quam
925 2380 1105 2431 formae
1134 2375 1401 2430 venustum
1427 2377 1595 2434 jubar:
1630 2394 1781 2433 nam,
1807 2376 2124 2442 Xenophon-

372 2457 423 2493 te
440 2443 600 2500 judice
625 2476 637 2498 ‚
673 2446 746 2493 vis
774 2444 981 2507 quidem
1007 2445 1271 2491 fortitudini
1299 2456 1480 2506 magna
1497 2473 1510 2495 ‚
1535 2441 1617 2490 sed
1645 2457 1728 2493 ma
1765 2444 1838 2490 nis
1867 2439 2123 2489 laboribus

369 2507 654 2560 fulcienda:
689 2509 908 2571 Sapientiae
929 2509 1093 2568 major
1114 2540 1129 2564 ‚
1164 2506 1245 2558 sed
1262 2506 1508 2573 perpetuis
1533 2504 1719 2571 jungen
1756 2519 1784 2556 a
1806 2501 1970 2616 stpdijs
1967 2503 2122 2612 ‹1:'P'ul'

1825 2584 1847 2617 c
1875 2579 1964 2616 retu
1993 2582 2056 2613 me.
