2205 2905
394 67 462 119 '16
978 64 1111 120 Atlas*
1133 64 1462 135 Philosophz‘cas.

473 155 675 211 LEUC:
743 155 1016 224 Tyronum
1046 161 1197 210 latere
1222 173 1275 210 te
1313 162 1488 223 nequit
1514 155 1712 210 fatum:
1760 156 1974 210 invisum
2009 171 2107 208 no-

335 237 461 274 rnen
482 223 572 272 illis
604 219 674 271 est
700 223 854 275 lesbio,
883 223 1096 273 discursu
1122 228 1385 289 capiuntur
1420 221 1636 278 facilius,
1661 217 1876 286 remque
1900 223 2110 286 capiunt*

334 287 535 338 melius.
619 288 733 341 Da,
757 286 941 351 quaeso,
969 288 1232 338 modicam
1254 285 1504 352 synopsin,
1531 302 1594 336 ne
1611 285 1785 335 saltem
1804 301 1889 335 me
1907 285 2103 349 fugiant

334 350 560 414 illa,quae
585 349 778 400 erudita
796 349 972 416 magis,
994 354 1044 401 δε
1074 351 1284 400 curiosa,
1350 352 1507 397 MEL:
1576 349 1722 399 Plura
1745 364 1809 398 ne
1827 361 1979 413 petas,
1993 363 2104 397 non

335 416 476 463 enim
497 411 611 478 post
638 414 820 464 lestam
844 412 1080 469 messem,
1099 414 1291 479 colligo
1309 414 1522 463 libenter
1548 413 1712 479 spicas.
1813 415 1885 462 Ex
1907 424 2103 461 meteo-

333 481 399 526 ris
422 477 576 542 igneis
606 477 722 526 alibi
743 478 1038 527 carminabo
1059 481 1219 527 crines
1243 478 1494 532 Comeds,
1516 492 1653 527 nunc
1670 475 1927 541 ignifatuo
1942 474 2106 524 detra·

334 540 409 590 ho
429 542 638 595 larvam,
653 541 796 604 quod
820 553 1095 591 meteoron
1114 541 1264 592 nobis
1284 542 1592 605 notius,quia
1608 541 1934 604 frequentius·
1970 539 2105 603 Ignis.

332 603 519 659 fatuus,
532 603 778 669 spetitrum
799 605 922 654 illud
933 607 1081 654 inane
1093 605 1316 660 rudium,
1336 608 1439 669 qui,
1453 620 1730 671 puerorum
1749 599 1913 657 instar,
1926 617 2105 666 quam-

334 671 408 718 vis
429 667 679 733 trepidant
701 668 999 733 Empusam‚
1035 668 1233 719 fatuum
1267 666 1454 719 merito
1484 669 1688 722 dixeris,
1707 683 1817 717 non
1845 669 1984 716 enim
2013 663 2105 715 nisi

335 730 505 781 fatuos
541 732 725 796 decipit
746 765 759 786 ‚
788 736 839 782 δε
872 732 1135 782 fatuorum
1172 729 1351 787 instar,
1369 732 1680 783 nosturnum
1709 733 1850 785 aera,
1871 743 2106 795 pervaga-

340 806 437 844 tur.
537 795 693 844 Varia
716 796 915 846 sortitur
936 798 1179 851 nomina,
1205 811 1314 859 quae
1340 812 1450 845 non
1472 808 1577 844 tam
1602 796 1836 848 Naturae,
1864 791 2020 903 Juam
2049 789 2106 841 fi-

334 873 469 924 gurae
500 857 751 908 diversitas
792 858 912 908 huic
940 858 1288 925 phaenomeno
1325 858 1534 921 affingit.
1585 856 1857 909 Ausculta,
1899 873 1914 903 1
1940 855 2107 908 lubet,

334 920 459 972 cum
484 919 621 971 forte
645 923 698 971 in
722 923 939 972 circulos
971 922 1240 972 confluunt
1255 922 1490 975 Camilla,
1506 919 1705 973 Sabina,
1726 918 1930 980 Sybilla‚
1955 919 2005 968 <Sc
2023 932 2107 966 au-

335 983 439 1036 dies
469 997 712 1040 terrores,
743 988 917 1035 ruituri
950 986 1163 1050 Olympi
1192 984 1530 1049 prodromos,
1558 983 1640 1034 vel
1669 982 1853 1049 speetra
1882 997 1942 1031 ex
1972 995 2104 1030 oreo

336 1051 520 1098 omnia
556 1047 765 1114 erupisse
803 1049 1041 1114 percipies
1096 1051 1148 1098 in
1182 1048 1288 1097 hoc
1317 1051 1525 1098 aereum
1553 1046 1740 1097 Mundi
1770 1043 2108 1111 Amphithea-

334 1123 492 1162 trum.
594 1113 716 1162 Haec
737 1116 876 1161 enirn
896 1111 1067 1161 asseret
1081 1145 1094 1167 ‚
1122 1110 1293 1162 vidisse
1324 1111 1396 1168 se,
1427 1115 1651 1159 Dracones
1672 1111 1724 1159 in
1745 1112 1860 1159 aere
1883 1109 2108 1161 volantes,

337 1190 434 1226 nee
457 1175 552 1226 effe
575 1175 790 1225 dubium
808 1209 825 1232 ,
851 1180 975 1239 quin
1004 1172 1150 1248 rupta
1180 1172 1356 1226 caten&
1387 1174 1637 1225 Cerberus
1666 1173 1869 1224 evaserit
1896 1174 1947 1221 in
1967 1171 2108 1222 hunc

338 1239 558 1289 Orbem.
659 1238 838 1289 Addet
861 1240 1047 1294 altera,
1062 1244 1109 1289 se
1137 1238 1283 1290 hir‘co
1309 1254 1467 1305 nuper
1484 1237 1684 1290 vestam
1706 1237 1924 1290 volatili,
1945 1234 2108 1285 offen-

337 1301 459 1352 disse
488 1306 640 1364 Capraes
666 1303 905 1353 Paracelsi
931 1305 1215 1368 ignivomas
1237 1335 1250 1357 ‚
1281 1319 1367 1369 per
1394 1305 1509 1352 aera
1528 1302 1777 1366 fizltitcgnces
1803 1319 1814 1349 ε
1860 1314 1987 1349 mox
2014 1298 2110 1348 alia

335 1365 632 1432 subjunget,
664 1365 711 1416 se
747 1365 1051 1433 conspexisse
1075 1365 1217 1422 stellas
1240 1367 1303 1416 de
1334 1366 1496 1416 Coelo
1525 1365 1749 1421 cadentbs,
1781 1360 2105 1426 siderumque

336 1443 536 1496 partem
565 1429 635 1479 sat
660 1446 932 1496 magnam,
956 1428 1137 1492 flammai
1172 1430 1466 1481 Promethei
1494 1428 1810 1484 succensam,
1830 1429 1882 1479 ὅτ.
1920 1426 2111 1476 confla-

338 1506 593 1559 grantem.
689 1494 791 1544 Sed
813 1493 954 1544 silere
981 1493 1172 1552 iubebit
1196 1493 1399 1544 cunCtas
1419 1492 1606 1558 Sybilla
1627 1526 1642 1548 ,
1670 1507 1757 1558 per
1798 1491 1976 1541 colum
2006 1490 2114 1539 san-

340 1553 421 1608 ἂὲ
441 1554 744 1613 contestans,
758 1556 905 1621 quod
927 1558 1163 1622 plagiarii,
1177 1554 1204 1607 ὲ
1224 1558 1365 1607 furca
1377 1555 1656 1622 pendentis,
1668 1550 2112 1609 manes‚festorum

341 1621 598 1688 pervigilia
611 1654 625 1675 ‚
647 1636 757 1683 quae
778 1624 830 1670 in
848 1622 971 1671 vivis
989 1617 1126 1669 male
1144 1621 1481 1685 neglexerant,
1495 1618 1709 1668 accensis
1730 1623 1782 1668 in
1804 1633 2018 1682 poenam
2036 1617 2113 1666 lu-

340 1684 562 1736 minibus
576 1716 590 1738 ,
611 1696 860 1749 cogantur
880 1684 981 1741 jam
1001 1682 1281 1732 celebrare:
1316 1682 1452 1732 hisce
1479 1681 1640 1731 oculis
1664 1681 1834 1731 vidiffe
1856 1679 1903 1729 se
1922 1677 2114 1733 afferet,

340 1747 503 1799 nostu
525 1747 794 1798 volitantes
816 1762 903 1812 per
926 1747 1226 1796 coemeteria
1250 1745 1440 1811 spiritus
1454 1778 1469 1801 ,
1489 1741 1517 1794 ὲ
1548 1743 1730 1808 quibus
1764 1744 1891 1794 boni
1920 1742 2115 1808 fugien-

340 1822 450 1861 tem
471 1811 519 1860 se
536 1810 770 1865 insecuti,
789 1810 1137 1873 insequentem
1166 1806 1399 1874 fugissent
1418 1807 1567 1857 mali:
1603 1808 1801 1866 jurabit,
1824 1806 1970 1870 quod
1990 1807 2114 1870 igni-

342 1877 383 1924 ti
401 1875 641 1924 exercitus
662 1873 1011 1939 paludinosam
1032 1869 1267 1923 infestent
1283 1873 1520 1923 viciniam
1533 1904 1546 1925 ‚
1566 1885 1792 1934 quorum
1816 1872 1969 1933 aliqui
1991 1872 2113 1919 scin-

341 1937 615 1989 tillantibus
643 1938 801 1985 lanceis
821 1973 836 1989 ‚
865 1936 1121 1986 horrenda
1144 1935 1377 1985 forment
1405 1938 1458 1985 in
1484 1936 1600 1984 aere
1631 1935 1831 2000 praelia:
1866 1933 1943 1990 aiij
1973 1933 2114 1982 velut

341 2001 648 2053 ambulones
670 2002 863 2051 erratici
880 2001 1117 2051 Viatores
1148 1997 1402 2049 deducant
1430 2000 1484 2048 in
1510 1999 1648 2053 avia,
1677 2000 1729 2048 ὅ(
1757 1996 2001 2047 deductos
2022 2011 2112 2062 per

341 2066 634 2131 praecipitia‚
659 2063 969 2113 lamentabili
994 2063 1131 2116 fato,
1165 2062 1478 2126 demergant.
1577 2062 1655 2110 En
1682 2060 1873 2110 fabulas
1889 2093 1902 2115 ,
1931 2059 1996 2109 ad
2023 2074 2113 2110 co-

343 2133 456 2180 lum
485 2127 737 2178 excostas!
773 2126 926 2183 ridet,
953 2125 1075 2177 cum
1103 2125 1213 2175 haec
1236 2125 1375 2176 audit
1392 2122 1754 2189 Philosophus,
1776 2126 1827 2176 ὃς
1848 2119 2107 2174 sareastico

346 2193 603 2244 cachinno
649 2190 875 2257 explodit
912 2190 1065 2241 aniles
1099 2204 1282 2255 gerraS.
1400 2188 1503 2237 Scit
1540 2190 1678 2237 enim
1700 2221 1716 2243 ,
1746 2186 2109 2254 pyrotechnica

346 2255 454 2306 haec
487 2254 850 2332 phaenomena,
892 2253 1210 2305 connaturali
1235 2249 1402 2317 genesi
1423 2284 1439 2306 2
1469 2249 1565 2300 effe
1594 2266 1808 2316 vapores
1838 2249 2110 2306 humidos,

347 2319 633 2382 halitusque
650 2317 833 2373 siccos,
853 2333 911 2366 ex
937 2315 1240 2382 corporibus
1268 2316 1430 2365 mixtis
1452 2315 1696 2366 extrastos
1710 2348 1724 2370 ,
1743 2318 1795 2366 <Sc
1817 2317 1867 2366 vi
1895 2314 2104 2370 caloris,

351 2394 412 2431 ac
431 2378 768 2446 antiperisticae
794 2379 1086 2431 intensionis
1106 2378 1356 2431 accensos.
1432 2379 1594 2435 Hinc,
1613 2377 1685 2429 ob
1707 2379 1966 2430 levitatem
1989 2376 2112 2427 faci-

352 2441 402 2495 l'e
421 2443 667 2499 mobiles,
699 2446 865 2495 varios
891 2446 945 2493 in
974 2456 1128 2493 moto
1155 2445 1270 2492 aelre
1290 2440 1488 2507 fingunt
1508 2441 1652 2492 saltus
1675 2460 1688 2491 ε
1723 2441 1798 2493 ob
1814 2439 2109 2493 densitatem

353 2507 437 2560 vel
459 2511 714 2560 raritatem
746 2507 964 2560 diversos
981 2507 1199 2559 induunt
1221 2506 1423 2566 colores
1441 2538 1457 2561 ‚
1479 2517 1633 2572 atque
1661 2504 1842 2574 figuras
1867 2523 1878 2555 ε
1907 2503 2027 2617 limile
2051 2505 2108 2554 in

1851 2583 1916 2635 pa
1937 2583 1971 2618 u
2006 2583 2044 2618 1·-
