2182 2916
724 88 898 162 Coloffm·
929 95 1150 165 Myst’i‘cnm
1662 60 1665 61 γ
1705 95 1774 161 67

64 209 201 252 rant:
239 196 393 251 dicet,
413 191 640 260 corporis
666 192 924 245 scheleton
945 191 1176 244 constare
1196 190 1405 247 ollibus,
1435 192 1543 260 plus
1562 192 1719 259 quani
1743 195 1832 246 du-

64 264 238 316 centis,
254 273 479 324 quorum
499 257 770 320 quodlibet
789 258 852 307 ad
872 259 1198 323 quadraginta
1219 258 1436 307 diversos
1459 258 1605 314 fines,
1620 256 1833 324 ustisque

63 327 92 375 ὲ
109 319 420 387 Protoplaste
442 322 637 371 Divino
658 317 726 368 est
746 321 1037 370 ordinatum
1053 324 1169 375 ‚-ita,
1183 334 1239 370 ut
1259 321 1413 370 offies
1442 323 1580 370 mille
1609 322 1731 371 fines
1747 356 1759 376 ,
1779 325 1833 371 in

62 390 178 438 solis
200 387 409 438 ostibus,
430 383 517 432 fibi
543 382 767 448 praefixos
784 418 796 438 ‚
828 398 1062 433 numeret
1086 387 1295 434 Natura.
1374 384 1589 436 Ulterius
1615 385 1832 434 ascendit

63 454 330 516 Viringus,
369 450 421 496 in
456 448 753 495 anatomicis
785 447 954 511 Argus
986 446 1373 502 oculatissimus,
1421 450 1506 510 qui
1536 450 1691 497 cuivis
1720 447 1830 498 ossi-
1853 455 2068 501 S.Gallen.

64 515 185 564 culo
221 511 507 561 funetiones
553 510 791 559 ducentas
831 511 972 575 supra
1011 511 1272 575 o&oginta
1308 510 1530 560 attribuit
1550 544 1562 565 ‚
1594 508 1830 575 adeoque
1855 516 1905 560 de
1917 520 2072 567 nan&

59 579 222 627 solam
239 588 547 639 compagem
575 571 792 626 offcam,
826 575 890 622 ad
911 574 1120 639 scopos,
1142 573 1518 638 quinquagesies
1545 573 1692 623 sexies
1720 576 1830 624 mil·
1855 591 1964 626 arte.

61 642 149 690 lies
169 637 404 691 diversos,
420 635 744 685 aConditorc
768 634 1061 686 destinatam
1084 637 1313 691 afl'erit‚&
1326 634 1642 702 obstupescit.
1679 640 1829 702 Qae-

58 702 433 765 reAEseulapios‚
448 697 1094 762 Machaonas‚centumque
1117 701 1498 754 alia‚Mcdicinae
1511 702 1699 751 Divina
1711 718 1829 766 pro-

57 765 343 832 pemodum
369 764 629 815 Nomina,
651 764 700 812 &
725 778 845 812 cum
875 764 1076 812 Galeno
1104 763 1471 819 asseverabunt,
1492 779 1603 812 non
1628 767 1828 816 tantum

62 829 266 878 cuilibet
300 828 423 892 parti
442 824 705 890 aflignatos
729 825 790 874 ab
811 825 1110 876 Archirefto
1136 827 1311 879 divino
1345 840 1512 876 certos
1543 826 1691 882 fines,
1716 828 1829 878 fun-

58 893 253 942 &iones
275 893 325 940 ὅ(
340 889 466 942 usus,
485 891 566 943 ita,
582 900 636 936 ut
657 901 865 938 centum
885 890 1038 939 millia
1052 878 1452 961 propofflonum
1471 893 1521 939 in
1535 893 1715 954 quovis
1736 891 1829 941 ho-

59 958 198 1004 mine
217 955 550 1018 reperiantur,
576 951 658 1000 sed
680 964 872 1001 tantam
896 954 1091 1018 insuper
1113 955 1165 1002 in
1187 952 1264 1002 his
1287 953 1527 1003 omnibus
1553 958 1830 1005 connexio-

59 1034 209 1071 nem,
232 1029 287 1065 ut
315 1017 489 1065 horum,
513 1015 550 1072 fi
580 1017 679 1077 qnid
708 1018 931 1067 immutes,
961 1029 1101 1063 totam
1135 1028 1309 1077 repente
1334 1018 1575 1064 utilitatem
1610 1020 1827 1081 conspicias
1853 1014 1977 1064 Gale.
1999 1018 2049 1062 de

56 1079 377 1138 labefaffatam.
479 1077 619 1144 Quid
647 1080 795 1142 igitur
822 1081 1036 1135 mirum,
1061 1079 1094 1127 fi
1114 1079 1256 1136 hujus
1278 1080 1502 1135 fabricae,
1531 1080 1640 1144 plus
1669 1081 1823 1145 quam
1849 1077 1919 1134 ufiae
1941 1090 2060 1139 part.

58 1143 292 1193 humanae
313 1142 495 1189 intuitu
511 1174 522 1194 ,
546 1143 696 1188 etiam
712 1142 870 1205 talpae,
890 1145 942 1190 in
963 1143 1182 1191 tenebris
1203 1142 1419 1192 Ethnicis
1434 1177 1446 1198 ‚
1469 1142 1733 1210 palparunt
1752 1147 1825 1196 su-
1847 1140 1930 1187 l·1-
1944 1156 2029 1194 001-

61 1221 297 1272 premum
319 1203 602 1268 Opificem,
632 1203 1037 1267 sapientiffimum
1060 1206 1402 1260 Intellcffimin,
1429 1210 1479 1256 &
1505 1206 1560 1257 ut
1577 1209 1722 1258 Plato
1748 1210 1822 1258 lo-

62 1271 254 1332 quitur,
282 1263 569 1323 ἀιτιωτᾶτην
592 1260 795 1321 diducam,
828 1268 1170 1329 causantiffimam
1186 1271 1555 1328 Intelligentlam?
1590 1272 1711 1335 quid
1730 1276 1822 1322 mi-

59 1356 201 1395 rum,
227 1340 261 1390 fi
284 1341 508 1390 Galenus
529 1339 903 1404 Physiologiam
923 1339 1244 1393 somaticani,
1257 1339 1454 1401 perfeffae
1477 1340 1711 1402 Theologiae
1745 1360 1822 1391 ve-

59 1420 155 1450 ram
181 1403 312 1452 dicat
335 1404 634 1462 Principiam?
702 1401 842 1466 Qid
862 1404 1051 1450 mirum
1065 1435 1077 1456 ‚
1100 1401 1134 1450 fi
1152 1402 1230 1451 Tb
1240 1400 1528 1468 cophrastus
1548 1405 1820 1457 hominem
1845 1421 1873 1470 ι,
1887 1432 1961 1482 17,
1979 1425 2031 1472 de

60 1465 234 1515 afferat
253 1465 555 1524 Univerficatis
567 1467 827 1524 Exemplar:
864 1465 1048 1513 Plinius
1070 1468 1258 1512 Natarce
1270 1470 1523 1527 Ept'tomen:
1569 1468 1819 1535 Pythago·
1844 1486 2040 1546 ufhpart,

59 1545 160 1583 ras,
179 1544 322 1576 reram
358 1530 544 1575 omnium
571 1528 834 1586 menficram:
878 1528 1172 1577 Laurentius
1199 1541 1388 1590 parvum
1411 1533 1648 1585 Mundam,
1673 1537 1817 1582 Mira-
1843 1550 1971 1596 Citat.
2002 1550 2031 1597 ὲ

58 1593 196 1647 culam
213 1594 398 1650 grande,
427 1590 664 1650 Augustam
686 1593 813 1638 DEI
838 1590 1085 1652 Templum:
1130 1593 1343 1658 AEgyptij
1378 1596 1692 1642 Miracaloram
1721 1601 1816 1644 Mc·-
1840 1613 1971 1660 Scarl,
1998 1617 2046 1660 m

56 1656 281 1702 racalum?
333 1654 473 1724 Qid
496 1656 711 1708 mirum,
732 1653 767 1703 si
792 1656 844 1702 in
872 1653 1143 1704 extruenda
1171 1656 1395 1706 hominis
1423 1659 1637 1708 mirabili
1668 1659 1815 1709 fabri-
1842 1657 2051 1725 Prooem‚'

57 1733 140 1769 ca,
161 1718 496 1766 Tertullianus
520 1718 726 1768 DEUM
756 1719 945 1764 deditum
973 1734 1124 1770 manu,
1147 1730 1246 1781 ope,
1270 1719 1709 1783 confilioffapientia,
1730 1724 1814 1772 im&

58 1794 196 1827 totum
224 1779 364 1829 fuiffe
393 1780 565 1829 afferat
594 1792 857 1840 occupatum.

186 1845 382 1894 LEUC:
420 1846 481 1892 Et
501 1859 657 1905 quem
670 1846 722 1891 in
743 1842 899 1892 finem
920 1843 1049 1893 hanc
1073 1861 1339 1897 coacervas
1359 1851 1660 1912 panegyrin?
1695 1851 1817 1900 Bor-

58 1908 367 1972 giam‚Aulae
388 1908 637 1956 Carolinae
668 1906 934 1963 cimelion,
954 1909 1137 1956 imitari
1168 1926 1251 1957 me
1274 1911 1490 1967 jusseras:
1520 1913 1641 1974 quid
1671 1915 1817 1963 inde?

58 1972 213 2016 MEL:
249 1970 478 2019 Multum
499 1966 635 2018 sane:
664 1971 716 2018 in
735 1969 936 2018 Isabella
959 1970 1142 2019 bellam
1164 1969 1453 2038 obstupesce
1466 1974 1684 2025 Artificis
1706 1977 1818 2026 dex-
1894 2023 1897 2026 ,

60 2045 241 2081 teram:
284 2031 497 2093 Ipsefecit
516 2050 601 2080 nos.
703 2032 802 2081 Sed
833 2047 988 2095 quam
1017 2033 1148 2097 prius
1172 2034 1360 2091 obiter,
1384 2036 1621 2095 fixisdam
1658 2044 1817 2090 oculis

60 2096 275 2150 intuere,
299 2111 417 2146 nam
442 2097 640 2145 nullum
659 2094 870 2161 amplius
899 2098 949 2143 in
975 2097 1167 2161 aspestu
1193 2101 1488 2163 periculum.
1571 2103 1669 2151 En!
1706 2119 1815 2166 quat

62 2157 193 2220 prius
214 2155 341 2206 stetit
362 2159 738 2223 pulchritudinis
771 2159 1012 2222 estypon,
1033 2158 1200 2209 modo
1232 2162 1357 2219 jacet
1387 2163 1618 2213 humanae
1649 2166 1815 2231 specu-

61 2222 171 2269 lum
194 2222 442 2270 vanitatis:
480 2224 655 2270 avertit
668 2222 768 2278 jam
791 2223 1026 2270 omnium
1050 2223 1245 2274 oculos,
1262 2241 1390 2288 quos
1407 2225 1535 2290 prius
1555 2230 1604 2275 in
1625 2228 1671 2277 se
1692 2246 1813 2279 con-

62 2285 231 2332 vertit:
268 2286 453 2333 amoris
473 2284 660 2348 spiculis
682 2300 791 2348 quae
814 2281 1146 2349 prostraverat
1172 2289 1295 2336 alios
1310 2324 1322 2340 ,
1345 2287 1443 2345 jam
1463 2293 1641 2340 mortis
1661 2294 1812 2357 spicu-

62 2347 117 2394 lo
144 2348 355 2400 corruit,
378 2350 492 2409 quia
521 2348 690 2411 lapillo
721 2348 1008 2413 sepulchrali
1028 2345 1269 2413 prostrata
1291 2385 1303 2405 ‚
1329 2368 1417 2417 per
1446 2366 1710 2417 peccatum
1740 2372 1813 2405 re-

65 2408 212 2457 dusta
232 2410 283 2456 in
305 2410 589 2473 pulverem,
610 2408 720 2460 imo
749 2413 801 2459 in
823 2410 1064 2460 nihilum:
1100 2425 1192 2459 tam
1220 2415 1302 2460 εἰτὸ
1318 2419 1480 2474 grande
1498 2418 1638 2464 nihil!
1687 2420 1812 2469 Eva-

64 2473 173 2520 nuit
198 2471 297 2527 jam
317 2472 493 2522 formae
522 2473 700 2524 decor:
736 2476 789 2522 in
815 2475 972 2523 oculis
992 2475 1209 2540 elanguit
1240 2479 1412 2541 vigor:
1448 2479 1740 2544 impalluere
1760 2485 1812 2532 in

65 2535 235 2586 fronte
259 2534 357 2585 lilia
370 2569 383 2593 ,
403 2533 691 2587 emarcuere
712 2538 763 2588 in
783 2539 919 2602 genis
948 2537 1092 2588 rosae:
1130 2539 1190 2590 de
1211 2540 1412 2592 Isabella
1430 2543 1551 2604 quid
1570 2542 1809 2607 superest?
2013 2541 2050 2568 ¹*

865 2601 903 2652 ,Ι
937 2614 966 2649 2
1586 2609 1748 2659 evani-
