2177 2905
609 89 1013 153 Tecbnophylacium
1037 93 1272 156 physicum.
1666 115 1692 147 2
1699 117 1719 162 3
1733 118 1753 163 3

69 189 165 256 ipse
185 187 214 239 a
236 187 404 238 tabula
424 187 474 236 id
493 197 798 240 remoturus,
823 185 1077 236 hocAi-tis
1091 189 1327 254 prodigio
1341 222 1354 244 ,
1378 203 1486 240 non
1508 190 1611 241 fine
1632 195 1818 248 rubore

64 257 112 305 se
122 252 315 302 senserit
333 251 617 316 deceptum.
697 251 873 298 Zeuxis
886 265 1017 304 aves,
1032 251 1305 301 Parrhasius
1323 253 1519 318 decepit
1531 256 1816 317 Artificem,

23 343 31 348 ,
62 315 146 367 sed
163 328 322 365 artem
340 313 492 379 ipsam
514 313 896 377 propemodum
917 313 1092 363 fefellit
1116 316 1318 380 Apelles
1335 349 1347 369 ‚
1372 317 1492 367 dum
1516 319 1815 384 Protogenis

63 381 203 431 lineae
228 375 558 443 superaddidit
582 378 813 424 ultimam
835 378 1022 425 lineam
1043 410 1055 431 ‚
1091 392 1155 426 eo
1184 379 1452 430 subtilitatis
1474 383 1709 449 prodigio
1727 420 1738 440 ,
1760 400 1815 437 ut

64 442 218 505 ipsam
248 441 522 489 oculorum
568 442 727 488 aciem
767 441 1148 504 propemodum
1173 441 1366 506 fugeret
1395 462 1405 492 ι
1439 447 1492 495 ὅ(
1510 450 1741 511 nunquid
1759 467 1817 499 o-

66 505 245 556 stendit
273 503 369 551 diei
396 503 488 552 suae
520 500 753 551 suffecisse
784 501 913 552 hanc
943 504 1166 552 lincam?
1202 504 1319 554 hinc
1337 507 1548 571 legimus
1573 543 1585 563 ,
1617 523 1720 560 tam
1743 513 1819 562 fu-

65 569 148 620 iffe
168 563 464 616 industrium
480 598 494 620 ,
515 577 571 615 ut
601 565 735 615 nulla
761 565 926 614 eidem
951 567 1054 617 dies
1080 566 1181 625 sine
1207 569 1334 617 linea
1350 571 1664 624 elaberetur:
1712 587 1819 625 tam

67 633 311 698 peritum,
344 641 397 678 ut
418 630 470 677 in
498 630 744 692 ergaterio
772 630 861 677 suo
886 630 1102 695 hospites
1128 630 1335 680 haberet
1352 634 1694 692 Alexandros,
1719 639 1818 688 Ar-

67 697 125 744 tis
154 692 536 758 praedicatores:
573 704 678 740 tam
700 691 953 740 celebrem
976 726 989 747 ,
1029 706 1082 742 ut
1104 694 1258 743 iidem
1283 696 1450 746 edicto
1486 699 1692 762 publico
1731 717 1815 750 ve-

70 768 258 809 tarent,
277 771 340 805 ne
370 756 432 804 ab
461 755 560 804 alio
584 757 932 819 pingerentur:
971 768 1076 804 tam
1113 757 1331 820 denique
1361 762 1737 818 inimitabilem,
1763 778 1818 814 ut

69 822 194 869 Cois
213 821 472 882 inceptum
496 832 652 881 opus,
673 816 793 866 cum
816 831 984 867 morte
1005 833 1282 884 praeventus
1299 824 1653 887 imperfetstum
1672 829 1816 879 relin-

69 892 270 946 queret,
290 893 511 945 repertus
530 881 586 930 fit
608 895 784 933 nemo,
801 883 885 943 qui
905 882 1136 931 ultimam
1159 884 1324 934 eidem
1347 901 1559 936 manum
1583 890 1819 954 impone-

69 961 124 994 re
145 943 526 1010 praesumpfiss'et.
596 943 723 993 Illud
749 943 812 991 de
828 943 933 992 hoc
951 944 1162 994 Artifice
1181 949 1330 997 Fama
1352 950 1542 1015 spargit,
1563 951 1708 1015 quod
1730 957 1820 1005 ini-

69 1020 128 1058 to
146 1023 265 1056 cum
282 1007 491 1056 AEmulis
506 1007 595 1055 suis
614 1009 885 1055 certamine
903 1009 953 1056 in
972 1008 1295 1060 efformando
1315 1011 1551 1076 sonipede
1566 1048 1579 1069 ,
1598 1015 1715 1065 cum
1734 1019 1821 1076 Ju-

70 1073 202 1120 dices
229 1067 353 1119 auro
379 1083 644 1134 corruptos
660 1101 672 1123 ,
697 1070 849 1118 veluti
872 1086 1030 1120 caecos
1051 1073 1113 1120 de
1137 1075 1395 1125 coloribus
1418 1077 1634 1133 judicare
1653 1079 1818 1130 notas-

70 1135 165 1188 set,
200 1133 264 1181 ad
297 1134 570 1181 Brutorum
604 1131 898 1197 provocarit
934 1130 1176 1184 Tribunffl
1208 1155 1218 1184 :
1270 1154 1363 1186 nec
1392 1139 1575 1189 infelici
1604 1156 1816 1198 eventu3

70 1213 191 1246 nam
220 1196 566 1260 quadrupedes
596 1197 623 1246 a
651 1195 848 1258 fingulis
878 1196 1082 1261 depicti,
1107 1198 1225 1247 cum
1250 1204 1300 1249 in
1321 1200 1572 1252 orchestra
1594 1208 1733 1268 equis
1763 1223 1818 1256 o-

70 1258 432 1313 stenderentur,
450 1260 641 1324 Apellis
663 1258 862 1308 tantum
884 1259 1108 1325 sonipedi
1126 1262 1468 1314 adhinnivere.
1521 1263 1618 1316 Sed
1641 1272 1824 1320 &Zeu-

14 1348 19 1352 ·
69 1339 152 1374 xes
176 1339 282 1372 non
307 1338 414 1370 uno
438 1323 704 1387 specimine
737 1322 782 1370 se
800 1322 918 1371 fecit
931 1325 1060 1373 Orbi
1083 1327 1390 1376 mirabilem:
1411 1327 1518 1379 imo
1541 1332 1820 1382 mirabilem

73 1391 124 1437 ὅ(
145 1386 230 1434 libi
247 1384 332 1450 ipsi
354 1386 398 1434 se
422 1385 652 1440 reddidit,
676 1385 798 1434 dum
819 1386 954 1450 pistae
974 1389 1214 1453 Penelopi
1232 1390 1362 1441 hanc
1383 1394 1478 1456 ipse
1491 1394 1818 1458 epigraphen:

74 1446 492 1508 invificrumftzcilizis
513 1451 710 1500 Zoilum,
734 1449 859 1512 qudm
881 1453 1171 1499 imitaturum.
1242 1455 1374 1502 Hinc
1395 1460 1517 1505 tanti
1547 1457 1720 1506 habuit
1740 1460 1821 1508 sua
1849 1466 1966 1514 Plin.
1990 1467 2022 1514 ί.

73 1520 243 1577 opera,
268 1525 322 1559 ut
345 1511 490 1560 dono
511 1512 673 1566 daret,
693 1527 802 1559 non
821 1513 1075 1564 venderet,
1101 1528 1255 1568 ratus,
1275 1518 1471 1566 nullum
1495 1525 1707 1583 pretium
1734 1539 1821 1571 un-
1854 1541 1928 1586 35.
1943 1543 2062 1578 c.10.

75 1590 232 1639 quam
253 1575 365 1622 fore
382 1575 714 1638 condignum.
783 1575 988 1622 Accidit
1008 1589 1194 1631 tamen,
1209 1592 1262 1627 ut
1284 1580 1367 1628 ubi
1386 1581 1692 1645 ephebulum
1715 1587 1821 1649 pin·
1855 1605 1925 1639 11.

74 1637 233 1691 xiffet,
259 1637 505 1685 ferentem
535 1653 680 1690 uvas,
707 1634 934 1699 moxque
965 1639 1260 1689 advolarent
1284 1643 1537 1700 Aviculae,
1559 1651 1699 1711 operi
1727 1648 1818 1698 suo

76 1703 224 1750 iratus
244 1700 439 1747 dixerit:
478 1700 681 1748 laudant
710 1715 828 1748 uvas
850 1701 1104 1756 Aviculae,
1129 1702 1207 1752 sed
1232 1706 1512 1770 vituperant
1535 1711 1817 1767 Juvencm3

77 1764 159 1813 hic
182 1766 315 1811 enim
329 1795 340 1814 ,
362 1762 395 1811 fi
415 1762 744 1825 assequeretur
766 1765 1013 1812 Naturam
1030 1798 1043 1819 ,
1070 1781 1184 1815 aves
1203 1783 1309 1817 non
1329 1769 1639 1820 advolarent.
1735 1777 1823 1824 Pe·

7 1880 9 1883 *
79 1826 215 1874 titius
236 1827 332 1888 egit
350 1828 629 1877 Timantes,
649 1825 768 1872 cum
788 1826 938 1888 ipsam
960 1830 1209 1878 Naturam
1233 1832 1422 1885 fefellit,
1444 1832 1587 1884 novo
1632 1853 1692 1884 uc
1711 1836 1826 1886 stra·

79 1900 327 1950 tagemate
347 1889 602 1949 superavit.
672 1888 809 1934 Nam
827 1889 877 1934 in
899 1887 1180 1951 Iphigenia,
1206 1893 1321 1940 Aris
1339 1896 1588 1947 immolan
1630 1897 1682 1952 a,
1702 1899 1825 1948 cum

80 1952 232 2000 Patris
255 1950 492 1997 dolorem
516 1944 663 2011 digne
685 1964 792 1996 non
817 1950 975 2012 poss'et
994 1955 1291 2015 exprimere,
1314 1957 1495 2007 velavit
1516 1961 1728 2014 vultum,
1753 1979 1825 2011 ra-
1880 2015 1883 2018 Α

80 2027 158 2062 tus
181 2026 442 2074 nunquam
470 2011 629 2075 magis
651 2011 696 2059 se
723 2010 988 2075 expreffifl'c
1017 2017 1266 2071 Naturam
1292 2051 1305 2072 ,
1336 2019 1489 2082 quam
1521 2023 1640 2072 curn
1675 2022 1825 2090 digne

80 2092 191 2125 non
210 2074 347 2140 poffc
369 2077 575 2139 exprimi
595 2071 890 2123 ostendiffet.
967 2075 1194 2128 Aristidis
1217 2080 1445 2131 Thebani
1474 2100 1685 2136 manum
1714 2104 1824 2137 non

82 2138 267 2191 affer03
304 2137 493 2191 sufficit,
508 2140 630 2187 tanti
647 2137 785 2187 fuisse
803 2135 1092 2190 aestimatam
1112 2142 1173 2190 ab
1187 2145 1383 2198 Attalo,
1400 2159 1454 2194 ut
1475 2152 1680 2203 unicum
1706 2152 1827 2210 ejus-

83 2203 200 2251 dem
222 2217 350 2265 opus
373 2215 575 2250 centum
597 2202 788 2249 talentis
811 2202 1050 2251 licitatum
1073 2205 1166 2253 effe
1189 2207 1517 2270 perhibeatur.

210 2265 407 2314 LEUC:
476 2265 590 2312 Arti
609 2265 824 2328 pistoriae
843 2266 972 2314 Aras
994 2267 1068 2325 alij
1090 2271 1299 2332 erigant,
1320 2287 1416 2336 ego
1439 2274 1631 2339 Orphei
1654 2277 1822 2341 cytha-

84 2343 220 2383 ram,
240 2331 291 2377 iu
308 2326 756 2391 Technophylacio
770 2327 952 2376 Palladi
983 2329 1248 2394 suspensam
1275 2350 1503 2385 veneror.
1604 2341 1824 2407 Percipe,

87 2405 194 2453 quo
214 2393 349 2443 illam
372 2392 632 2454 aenigmate
659 2391 923 2440 adumbret
940 2391 1124 2455 Sphinx
1147 2396 1512 2463 Philosophica·.

368 2456 500 2501 Muta
521 2454 648 2500 arbor
657 2452 830 2510 fueram
847 2492 857 2506 ‚
877 2469 961 2518 quae
979 2473 1085 2503 nunc
1102 2457 1372 2524 modaldrque
1384 2495 1396 2515 ,
1415 2461 1613 2528 canaque,

463 2516 567 2567 Vita
587 2517 694 2564 mihi
702 2516 764 2577 fic
781 2522 907 2568 Mors
924 2555 938 2577 ,
969 2523 1092 2566 Mors
1113 2525 1220 2572 mihi
1237 2524 1340 2574 Vita
1357 2523 1467 2585 fnit.

937 2587 985 2636 H
1006 2584 1040 2635 h
1643 2597 1765 2641 Invi-
