<?xml version="1.0" encoding="UTF-8"?>
<!DOCTYPE html PUBLIC "-//W3C//DTD XHTML 1.0 Transitional//EN"
    "http://www.w3.org/TR/xhtml1/DTD/xhtml1-transitional.dtd">
<html xmlns="http://www.w3.org/1999/xhtml" xml:lang="en" lang="en">
 <head>
  <title>
</title>
<meta http-equiv="Content-Type" content="text/html;charset=utf-8" />
  <meta name='ocr-system' content='tesseract 3.04.00' />
  <meta name='ocr-capabilities' content='ocr_page ocr_carea ocr_par ocr_line ocrx_word'/>
</head>
<body>
  <div class='ocr_page' id='page_1' title='image "./peripateticusnos00sch_0426.png"; bbox 0 0 2177 2905; ppageno 0'>
   <div class='ocr_carea' id='block_1_1' title="bbox 95 1099 304 1456">
    <p class='ocr_par' dir='ltr' id='par_1_1' title="bbox 98 1099 285 1259">
     <span class='ocr_line' id='line_1_1' title="bbox 195 1099 226 1134; baseline 0 -2"><span class='ocrx_word' id='word_1_1' title='bbox 195 1099 226 1134; x_wconf 84' lang='lat' dir='ltr'>a</span> 
     </span>
     <span class='ocr_line' id='line_1_2' title="bbox 99 1149 285 1205; baseline -0.032 -7"><span class='ocrx_word' id='word_1_2' title='bbox 99 1149 285 1205; x_wconf 83' lang='lat' dir='ltr'>Hom.9.</span> 
     </span>
     <span class='ocr_line' id='line_1_3' title="bbox 98 1212 253 1259; baseline -0.013 0"><span class='ocrx_word' id='word_1_3' title='bbox 98 1214 146 1259; x_wconf 83' lang='lat' dir='ltr'>in</span> <span class='ocrx_word' id='word_1_4' title='bbox 156 1212 253 1259; x_wconf 83' lang='lat' dir='ltr'>hex.</span> 
     </span>
    </p>

    <p class='ocr_par' dir='ltr' id='par_1_2' title="bbox 95 1272 304 1456">
     <span class='ocr_line' id='line_1_4' title="bbox 193 1272 225 1322; baseline 0 0"><span class='ocrx_word' id='word_1_5' title='bbox 193 1272 225 1322; x_wconf 87' lang='lat' dir='ltr'>b</span> 
     </span>
     <span class='ocr_line' id='line_1_5' title="bbox 98 1339 301 1388; baseline -0.015 -4"><span class='ocrx_word' id='word_1_6' title='bbox 98 1339 301 1388; x_wconf 84' lang='lat' dir='ltr'>P.Nier.</span> 
     </span>
     <span class='ocr_line' id='line_1_6' title="bbox 95 1400 304 1456; baseline -0.033 -5"><span class='ocrx_word' id='word_1_7' title='bbox 95 1400 193 1456; x_wconf 76' lang='lat' dir='ltr'><em>hist.</em></span> <span class='ocrx_word' id='word_1_8' title='bbox 215 1411 304 1446; x_wconf 82' lang='lat' dir='ltr'>nat.</span> 
     </span>
    </p>
   </div>
   <div class='ocr_carea' id='block_1_2' title="bbox 97 1467 318 1524">
    <p class='ocr_par' dir='ltr' id='par_1_3' title="bbox 97 1467 318 1524">
     <span class='ocr_line' id='line_1_7' title="bbox 97 1467 318 1524; baseline -0.014 -9"><span class='ocrx_word' id='word_1_9' title='bbox 97 1467 183 1524; x_wconf 67' lang='lat' dir='ltr'>L9.</span> <span class='ocrx_word' id='word_1_10' title='bbox 199 1474 318 1521; x_wconf 73' lang='lat' dir='ltr'><strong>c.44.</strong></span> 
     </span>
    </p>
   </div>
   <div class='ocr_carea' id='block_1_3' title="bbox 110 2549 248 2600">
    <p class='ocr_par' dir='ltr' id='par_1_4' title="bbox 110 2549 248 2600">
     <span class='ocr_line' id='line_1_8' title="bbox 110 2549 248 2600; baseline 0 -15"><span class='ocrx_word' id='word_1_11' title='bbox 110 2555 148 2592; x_wconf 69' lang='grc' dir='ltr'>ς.</span> <span class='ocrx_word' id='word_1_12' title='bbox 174 2549 248 2600; x_wconf 81' lang='lat'>14.</span> 
     </span>
    </p>
   </div>
   <div class='ocr_carea' id='block_1_4' title="bbox 423 75 1484 156">
    <p class='ocr_par' dir='ltr' id='par_1_5' title="bbox 423 75 1484 156">
     <span class='ocr_line' id='line_1_9' title="bbox 423 75 1484 156; baseline -0.004 -12"><span class='ocrx_word' id='word_1_13' title='bbox 423 94 515 156; x_wconf 78' lang='lat'>136</span> <span class='ocrx_word' id='word_1_14' title='bbox 925 75 935 88; x_wconf 28' lang='grc' dir='ltr'><strong><em>ἰ</em></strong></span> <span class='ocrx_word' id='word_1_15' title='bbox 956 91 1204 144; x_wconf 68' lang='lat' dir='ltr'>Academia</span> <span class='ocrx_word' id='word_1_16' title='bbox 1233 93 1484 140; x_wconf 76' lang='lat' dir='ltr'><em>Brutorum.</em></span> 
     </span>
    </p>
   </div>
   <div class='ocr_carea' id='block_1_5' title="bbox 344 183 2131 1644">
    <p class='ocr_par' dir='ltr' id='par_1_6' title="bbox 344 183 2131 1644">
     <span class='ocr_line' id='line_1_10' title="bbox 350 183 2102 251; baseline -0.001 -13"><span class='ocrx_word' id='word_1_17' title='bbox 350 203 496 242; x_wconf 87' lang='lat' dir='ltr'>cum,</span> <span class='ocrx_word' id='word_1_18' title='bbox 519 185 655 235; x_wconf 88' lang='lat' dir='ltr'>hunc</span> <span class='ocrx_word' id='word_1_19' title='bbox 687 197 898 250; x_wconf 84' lang='lat' dir='ltr'>poenam</span> <span class='ocrx_word' id='word_1_20' title='bbox 933 200 1027 251; x_wconf 86' lang='lat' dir='ltr'>pro</span> <span class='ocrx_word' id='word_1_21' title='bbox 1054 186 1179 243; x_wconf 77' lang='lat' dir='ltr'>vitiis</span> <span class='ocrx_word' id='word_1_22' title='bbox 1201 219 1214 241; x_wconf 88' lang='lat'>‚</span> <span class='ocrx_word' id='word_1_23' title='bbox 1249 185 1370 234; x_wconf 86' lang='lat' dir='ltr'>illud</span> <span class='ocrx_word' id='word_1_24' title='bbox 1397 199 1490 250; x_wconf 85' lang='lat' dir='ltr'>pro</span> <span class='ocrx_word' id='word_1_25' title='bbox 1520 183 1782 234; x_wconf 85' lang='lat' dir='ltr'>virtutibus</span> <span class='ocrx_word' id='word_1_26' title='bbox 1805 185 2102 250; x_wconf 59' lang='lat' dir='ltr'>proemiunn</span> 
     </span>
     <span class='ocr_line' id='line_1_11' title="bbox 351 245 2101 314; baseline -0.002 -12"><span class='ocrx_word' id='word_1_27' title='bbox 351 254 461 303; x_wconf 87' lang='lat' dir='ltr'>Cur</span> <span class='ocrx_word' id='word_1_28' title='bbox 488 250 709 300; x_wconf 83' lang='lat' dir='ltr'>dubitas?</span> <span class='ocrx_word' id='word_1_29' title='bbox 745 251 920 303; x_wconf 85' lang='lat' dir='ltr'>Bruta,</span> <span class='ocrx_word' id='word_1_30' title='bbox 944 264 1054 312; x_wconf 86' lang='lat' dir='ltr'>quae</span> <span class='ocrx_word' id='word_1_31' title='bbox 1075 248 1338 314; x_wconf 78' lang='lat' dir='ltr'>apotheosi</span> <span class='ocrx_word' id='word_1_32' title='bbox 1360 250 1459 305; x_wconf 81' lang='lat' dir='ltr'>jam</span> <span class='ocrx_word' id='word_1_33' title='bbox 1482 245 1744 301; x_wconf 62' lang='lat' dir='ltr'>decorasti,</span> <span class='ocrx_word' id='word_1_34' title='bbox 1768 250 2000 314; x_wconf 86' lang='lat' dir='ltr'>Olympo</span> <span class='ocrx_word' id='word_1_35' title='bbox 2022 265 2101 299; x_wconf 82' lang='lat' dir='ltr'>ex-</span> 
     </span>
     <span class='ocr_line' id='line_1_12' title="bbox 352 311 2101 375; baseline -0.002 -11"><span class='ocrx_word' id='word_1_36' title='bbox 352 315 555 365; x_wconf 88' lang='lat' dir='ltr'>cludere</span> <span class='ocrx_word' id='word_1_37' title='bbox 579 312 680 361; x_wconf 81' lang='lat' dir='ltr'>fine</span> <span class='ocrx_word' id='word_1_38' title='bbox 706 313 880 369; x_wconf 82' lang='lat' dir='ltr'>iniuria</span> <span class='ocrx_word' id='word_1_39' title='bbox 900 315 1097 375; x_wconf 81' lang='lat' dir='ltr'><strong>nequis:</strong></span> <span class='ocrx_word' id='word_1_40' title='bbox 1134 314 1288 362; x_wconf 87' lang='lat' dir='ltr'>Ecce!</span> <span class='ocrx_word' id='word_1_41' title='bbox 1326 327 1556 374; x_wconf 85' lang='lat' dir='ltr'>quaenam</span> <span class='ocrx_word' id='word_1_42' title='bbox 1585 314 1636 359; x_wconf 91' lang='lat' dir='ltr'>in</span> <span class='ocrx_word' id='word_1_43' title='bbox 1661 313 1768 360; x_wconf 88' lang='lat' dir='ltr'>avia</span> <span class='ocrx_word' id='word_1_44' title='bbox 1801 324 1886 360; x_wconf 87' lang='lat' dir='ltr'>tua</span> <span class='ocrx_word' id='word_1_45' title='bbox 1917 325 1966 360; x_wconf 90' lang='lat' dir='ltr'>te</span> <span class='ocrx_word' id='word_1_46' title='bbox 1990 311 2101 362; x_wconf 89' lang='lat' dir='ltr'>Phi-</span> 
     </span>
     <span class='ocr_line' id='line_1_13' title="bbox 353 374 2100 443; baseline -0.002 -16"><span class='ocrx_word' id='word_1_47' title='bbox 353 378 581 443; x_wconf 85' lang='lat' dir='ltr'>losophia</span> <span class='ocrx_word' id='word_1_48' title='bbox 604 375 835 425; x_wconf 83' lang='lat' dir='ltr'>deducat.</span> <span class='ocrx_word' id='word_1_49' title='bbox 934 376 1048 425; x_wconf 85' lang='lat' dir='ltr'>Sive</span> <span class='ocrx_word' id='word_1_50' title='bbox 1072 376 1188 424; x_wconf 88' lang='lat' dir='ltr'>vitia</span> <span class='ocrx_word' id='word_1_51' title='bbox 1211 375 1413 432; x_wconf 84' lang='lat' dir='ltr'>probet,</span> <span class='ocrx_word' id='word_1_52' title='bbox 1432 374 1532 423; x_wconf 82' lang='lat' dir='ltr'>ssve</span> <span class='ocrx_word' id='word_1_53' title='bbox 1553 379 1772 427; x_wconf 83' lang='lat' dir='ltr'>virtutes,</span> <span class='ocrx_word' id='word_1_54' title='bbox 1794 376 2100 424; x_wconf 86' lang='lat' dir='ltr'>calumniam</span> 
     </span>
     <span class='ocr_line' id='line_1_14' title="bbox 352 437 2101 505; baseline -0.002 -15"><span class='ocrx_word' id='word_1_55' title='bbox 352 441 531 495; x_wconf 85' lang='lat' dir='ltr'>infert,</span> <span class='ocrx_word' id='word_1_56' title='bbox 556 456 641 505; x_wconf 87' lang='lat' dir='ltr'>per</span> <span class='ocrx_word' id='word_1_57' title='bbox 658 440 740 488; x_wconf 88' lang='lat' dir='ltr'>iila</span> <span class='ocrx_word' id='word_1_58' title='bbox 756 441 940 492; x_wconf 88' lang='lat' dir='ltr'>Brutis,</span> <span class='ocrx_word' id='word_1_59' title='bbox 966 454 1051 502; x_wconf 89' lang='lat' dir='ltr'>per</span> <span class='ocrx_word' id='word_1_60' title='bbox 1075 438 1159 487; x_wconf 88' lang='lat' dir='ltr'>has</span> <span class='ocrx_word' id='word_1_61' title='bbox 1183 437 1492 486; x_wconf 85' lang='lat' dir='ltr'>hominibus.</span> <span class='ocrx_word' id='word_1_62' title='bbox 1570 439 1818 488; x_wconf 83' lang='lat' dir='ltr'>Umbram</span> <span class='ocrx_word' id='word_1_63' title='bbox 1840 441 1988 502; x_wconf 81' lang='lat' dir='ltr'>igitur</span> <span class='ocrx_word' id='word_1_64' title='bbox 2010 440 2101 488; x_wconf 87' lang='lat' dir='ltr'>vir-</span> 
     </span>
     <span class='ocr_line' id='line_1_15' title="bbox 352 500 2101 565; baseline -0.001 -13"><span class='ocrx_word' id='word_1_65' title='bbox 352 507 495 558; x_wconf 87' lang='lat' dir='ltr'>tutis,</span> <span class='ocrx_word' id='word_1_66' title='bbox 518 507 569 555; x_wconf 61' lang='grc' dir='ltr'>ὃς</span> <span class='ocrx_word' id='word_1_67' title='bbox 592 504 691 556; x_wconf 82' lang='lat' dir='ltr'>vitii</span> <span class='ocrx_word' id='word_1_68' title='bbox 708 537 720 556; x_wconf 84' lang='lat'>‚</span> <span class='ocrx_word' id='word_1_69' title='bbox 744 503 842 552; x_wconf 83' lang='lat' dir='ltr'>five</span> <span class='ocrx_word' id='word_1_70' title='bbox 872 504 1130 552; x_wconf 86' lang='lat' dir='ltr'>motiones</span> <span class='ocrx_word' id='word_1_71' title='bbox 1162 501 1399 564; x_wconf 83' lang='lat' dir='ltr'>quasdam</span> <span class='ocrx_word' id='word_1_72' title='bbox 1430 500 1456 549; x_wconf 76' lang='lat' dir='ltr'>a</span> <span class='ocrx_word' id='word_1_73' title='bbox 1485 503 1679 551; x_wconf 84' lang='lat' dir='ltr'>Natura</span> <span class='ocrx_word' id='word_1_74' title='bbox 1707 504 1973 565; x_wconf 84' lang='lat' dir='ltr'>ingenitas,</span> <span class='ocrx_word' id='word_1_75' title='bbox 1994 504 2101 564; x_wconf 88' lang='lat' dir='ltr'>qui-</span> 
     </span>
     <span class='ocr_line' id='line_1_16' title="bbox 351 562 2094 633; baseline -0.003 -16"><span class='ocrx_word' id='word_1_76' title='bbox 351 566 444 617; x_wconf 84' lang='lat' dir='ltr'>bus</span> <span class='ocrx_word' id='word_1_77' title='bbox 472 568 652 633; x_wconf 91' lang='lat' dir='ltr'>species</span> <span class='ocrx_word' id='word_1_78' title='bbox 672 563 900 616; x_wconf 87' lang='lat' dir='ltr'>stabiliter</span> <span class='ocrx_word' id='word_1_79' title='bbox 922 565 1239 630; x_wconf 87' lang='lat' dir='ltr'>respondent,</span> <span class='ocrx_word' id='word_1_80' title='bbox 1255 564 1402 613; x_wconf 86' lang='lat' dir='ltr'>ineffe</span> <span class='ocrx_word' id='word_1_81' title='bbox 1425 566 1583 614; x_wconf 85' lang='lat' dir='ltr'>Brutis</span> <span class='ocrx_word' id='word_1_82' title='bbox 1605 565 1876 613; x_wconf 85' lang='lat' dir='ltr'>dicendum</span> <span class='ocrx_word' id='word_1_83' title='bbox 1898 562 1993 617; x_wconf 79' lang='lat' dir='ltr'>est3</span> <span class='ocrx_word' id='word_1_84' title='bbox 2026 578 2094 615; x_wconf 74' lang='lat' dir='ltr'>ut-</span> 
     </span>
     <span class='ocr_line' id='line_1_17' title="bbox 389 628 2104 695; baseline -0.001 -15"><span class='ocrx_word' id='word_1_85' title='bbox 389 644 474 680; x_wconf 89' lang='lat' dir='ltr'>ote</span> <span class='ocrx_word' id='word_1_86' title='bbox 489 665 502 686; x_wconf 90' lang='lat'>,</span> <span class='ocrx_word' id='word_1_87' title='bbox 525 631 645 680; x_wconf 76' lang='lat' dir='ltr'>cum</span> <span class='ocrx_word' id='word_1_88' title='bbox 665 646 783 681; x_wconf 85' lang='lat' dir='ltr'>vera</span> <span class='ocrx_word' id='word_1_89' title='bbox 805 632 973 680; x_wconf 80' lang='lat' dir='ltr'>virtus,</span> <span class='ocrx_word' id='word_1_90' title='bbox 994 633 1044 679; x_wconf 70' lang='grc' dir='ltr'>ὅ(</span> <span class='ocrx_word' id='word_1_91' title='bbox 1068 631 1243 678; x_wconf 88' lang='lat' dir='ltr'>vitium</span> <span class='ocrx_word' id='word_1_92' title='bbox 1265 629 1319 686; x_wconf 88' lang='lat' dir='ltr'>ijs</span> <span class='ocrx_word' id='word_1_93' title='bbox 1342 628 1673 678; x_wconf 87' lang='lat' dir='ltr'>solummodo</span> <span class='ocrx_word' id='word_1_94' title='bbox 1698 629 1972 678; x_wconf 87' lang='lat' dir='ltr'>convenire</span> <span class='ocrx_word' id='word_1_95' title='bbox 1994 628 2104 695; x_wconf 82' lang='lat' dir='ltr'>pos-</span> 
     </span>
     <span class='ocr_line' id='line_1_18' title="bbox 349 646 1551 758; baseline -0.005 -11"><span class='ocrx_word' id='word_1_96' title='bbox 349 646 433 751; x_wconf 56' lang='grc' dir='ltr'>Εἰ,</span> <span class='ocrx_word' id='word_1_97' title='bbox 453 697 538 758; x_wconf 86' lang='lat' dir='ltr'>qui</span> <span class='ocrx_word' id='word_1_98' title='bbox 559 694 781 745; x_wconf 61' lang='lat' dir='ltr'>deledm,</span> <span class='ocrx_word' id='word_1_99' title='bbox 814 688 1006 755; x_wconf 78' lang='lat' dir='ltr'>suoque</span> <span class='ocrx_word' id='word_1_100' title='bbox 1029 692 1234 741; x_wconf 86' lang='lat' dir='ltr'>arbitrio</span> <span class='ocrx_word' id='word_1_101' title='bbox 1262 705 1551 757; x_wconf 56' lang='lat' dir='ltr'>operantum</span> 
     </span>
     <span class='ocr_line' id='line_1_19' title="bbox 478 754 2099 819; baseline 0.002 -15"><span class='ocrx_word' id='word_1_102' title='bbox 478 761 633 806; x_wconf 86' lang='lat' dir='ltr'><em>MEL:</em></span> <span class='ocrx_word' id='word_1_103' title='bbox 702 758 896 809; x_wconf 80' lang='lat' dir='ltr'>Falleris</span> <span class='ocrx_word' id='word_1_104' title='bbox 922 789 934 810; x_wconf 88' lang='lat'>,</span> <span class='ocrx_word' id='word_1_105' title='bbox 981 756 1014 805; x_wconf 87' lang='lat' dir='ltr'>si</span> <span class='ocrx_word' id='word_1_106' title='bbox 1036 771 1203 804; x_wconf 86' lang='lat' dir='ltr'>meam</span> <span class='ocrx_word' id='word_1_107' title='bbox 1226 754 1355 803; x_wconf 83' lang='lat' dir='ltr'>hanc</span> <span class='ocrx_word' id='word_1_108' title='bbox 1381 754 1474 803; x_wconf 80' lang='lat' dir='ltr'>effe</span> <span class='ocrx_word' id='word_1_109' title='bbox 1496 754 1665 803; x_wconf 82' lang='lat' dir='ltr'>asseras</span> <span class='ocrx_word' id='word_1_110' title='bbox 1689 754 2064 819; x_wconf 85' lang='lat' dir='ltr'>Philosophiam</span> <span class='ocrx_word' id='word_1_111' title='bbox 2088 775 2099 807; x_wconf 91' lang='lat'><strong>:</strong></span> 
     </span>
     <span class='ocr_line' id='line_1_20' title="bbox 350 815 2097 887; baseline 0.001 -17"><span class='ocrx_word' id='word_1_112' title='bbox 350 822 461 871; x_wconf 84' lang='lat' dir='ltr'>sum</span> <span class='ocrx_word' id='word_1_113' title='bbox 479 823 715 887; x_wconf 77' lang='lat' dir='ltr'><strong>interpres</strong></span> <span class='ocrx_word' id='word_1_114' title='bbox 730 855 744 874; x_wconf 84' lang='lat'>‚</span> <span class='ocrx_word' id='word_1_115' title='bbox 779 835 889 869; x_wconf 91' lang='lat' dir='ltr'>non</span> <span class='ocrx_word' id='word_1_116' title='bbox 912 819 1136 872; x_wconf 86' lang='lat' dir='ltr'>Author,</span> <span class='ocrx_word' id='word_1_117' title='bbox 1160 832 1214 868; x_wconf 90' lang='lat' dir='ltr'>ut</span> <span class='ocrx_word' id='word_1_118' title='bbox 1235 831 1288 866; x_wconf 90' lang='lat' dir='ltr'>tu</span> <span class='ocrx_word' id='word_1_119' title='bbox 1308 818 1365 866; x_wconf 76' lang='lat' dir='ltr'>sis</span> <span class='ocrx_word' id='word_1_120' title='bbox 1391 815 1649 880; x_wconf 81' lang='lat' dir='ltr'>Magister,</span> <span class='ocrx_word' id='word_1_121' title='bbox 1690 832 1785 880; x_wconf 80' lang='lat' dir='ltr'>ego</span> <span class='ocrx_word' id='word_1_122' title='bbox 1802 819 2097 883; x_wconf 88' lang='lat' dir='ltr'>Discipulus.</span> 
     </span>
     <span class='ocr_line' id='line_1_21' title="bbox 349 879 2106 946; baseline -0.002 -11"><span class='ocrx_word' id='word_1_123' title='bbox 349 887 469 935; x_wconf 85' lang='lat' dir='ltr'>Scio</span> <span class='ocrx_word' id='word_1_124' title='bbox 482 887 719 934; x_wconf 88' lang='lat' dir='ltr'>virtutem</span> <span class='ocrx_word' id='word_1_125' title='bbox 737 884 891 932; x_wconf 84' lang='lat' dir='ltr'>brutis</span> <span class='ocrx_word' id='word_1_126' title='bbox 904 883 1117 932; x_wconf 87' lang='lat' dir='ltr'>tribuere</span> <span class='ocrx_word' id='word_1_127' title='bbox 1139 881 1258 929; x_wconf 81' lang='lat' dir='ltr'>sanae</span> <span class='ocrx_word' id='word_1_128' title='bbox 1275 883 1454 928; x_wconf 88' lang='lat' dir='ltr'>mentis</span> <span class='ocrx_word' id='word_1_129' title='bbox 1468 896 1576 927; x_wconf 88' lang='lat' dir='ltr'>non</span> <span class='ocrx_word' id='word_1_130' title='bbox 1597 879 1690 928; x_wconf 77' lang='lat' dir='ltr'>effe</span> <span class='ocrx_word' id='word_1_131' title='bbox 1703 911 1716 933; x_wconf 92' lang='lat'>,</span> <span class='ocrx_word' id='word_1_132' title='bbox 1752 884 1868 942; x_wconf 87' lang='lat' dir='ltr'>quia</span> <span class='ocrx_word' id='word_1_133' title='bbox 1881 895 2106 946; x_wconf 83' lang='lat' dir='ltr'>patenter</span> 
     </span>
     <span class='ocr_line' id='line_1_22' title="bbox 351 942 2104 1008; baseline -0.001 -11"><span class='ocrx_word' id='word_1_134' title='bbox 351 948 529 998; x_wconf 86' lang='lat' dir='ltr'>falsum</span> <span class='ocrx_word' id='word_1_135' title='bbox 553 966 562 997; x_wconf 75' lang='grc' dir='ltr'>ε</span> <span class='ocrx_word' id='word_1_136' title='bbox 601 947 681 996; x_wconf 89' lang='lat' dir='ltr'>sed</span> <span class='ocrx_word' id='word_1_137' title='bbox 704 950 754 997; x_wconf 83' lang='lat'>&amp;</span> <span class='ocrx_word' id='word_1_138' title='bbox 772 947 872 996; x_wconf 87' lang='lat' dir='ltr'>scio</span> <span class='ocrx_word' id='word_1_139' title='bbox 898 980 911 1000; x_wconf 79' lang='lat'>‚</span> <span class='ocrx_word' id='word_1_140' title='bbox 947 944 1091 1008; x_wconf 81' lang='lat' dir='ltr'>quod</span> <span class='ocrx_word' id='word_1_141' title='bbox 1116 944 1220 992; x_wconf 83' lang='lat' dir='ltr'>haec</span> <span class='ocrx_word' id='word_1_142' title='bbox 1240 944 1415 991; x_wconf 90' lang='lat' dir='ltr'>omnia</span> <span class='ocrx_word' id='word_1_143' title='bbox 1444 945 1496 991; x_wconf 90' lang='lat' dir='ltr'>in</span> <span class='ocrx_word' id='word_1_144' title='bbox 1519 958 1708 991; x_wconf 84' lang='lat' dir='ltr'>caecum</span> <span class='ocrx_word' id='word_1_145' title='bbox 1729 956 1914 993; x_wconf 88' lang='lat' dir='ltr'>naturae</span> <span class='ocrx_word' id='word_1_146' title='bbox 1938 942 2104 996; x_wconf 83' lang='lat' dir='ltr'>instin-</span> 
     </span>
     <span class='ocr_line' id='line_1_23' title="bbox 352 1006 2131 1073; baseline 0.001 -14"><span class='ocrx_word' id='word_1_147' title='bbox 352 1011 492 1060; x_wconf 68' lang='lat' dir='ltr'>stum</span> <span class='ocrx_word' id='word_1_148' title='bbox 514 1011 779 1061; x_wconf 87' lang='lat' dir='ltr'>refundere</span> <span class='ocrx_word' id='word_1_149' title='bbox 804 1043 817 1064; x_wconf 92' lang='lat'>,</span> <span class='ocrx_word' id='word_1_150' title='bbox 869 1024 978 1057; x_wconf 90' lang='lat' dir='ltr'>non</span> <span class='ocrx_word' id='word_1_151' title='bbox 1001 1008 1225 1056; x_wconf 82' lang='lat' dir='ltr'>videatur</span> <span class='ocrx_word' id='word_1_152' title='bbox 1252 1007 1345 1056; x_wconf 85' lang='lat' dir='ltr'>effe</span> <span class='ocrx_word' id='word_1_153' title='bbox 1366 1006 1656 1071; x_wconf 83' lang='lat' dir='ltr'>Philosophi</span> <span class='ocrx_word' id='word_1_154' title='bbox 1679 1040 1692 1060; x_wconf 88' lang='lat'>,</span> <span class='ocrx_word' id='word_1_155' title='bbox 1729 1009 1844 1070; x_wconf 86' lang='lat' dir='ltr'>quia</span> <span class='ocrx_word' id='word_1_156' title='bbox 1880 1020 2131 1073; x_wconf 40' lang='lat' dir='ltr'>patenter*</span> 
     </span>
     <span class='ocr_line' id='line_1_24' title="bbox 355 1069 2103 1139; baseline -0.001 -16"><span class='ocrx_word' id='word_1_157' title='bbox 355 1075 566 1124; x_wconf 88' lang='lat' dir='ltr'>durum:</span> <span class='ocrx_word' id='word_1_158' title='bbox 603 1090 692 1139; x_wconf 80' lang='lat' dir='ltr'>age</span> <span class='ocrx_word' id='word_1_159' title='bbox 713 1075 873 1124; x_wconf 87' lang='lat' dir='ltr'>enim,</span> <span class='ocrx_word' id='word_1_160' title='bbox 911 1070 1170 1135; x_wconf 82' lang='lat' dir='ltr'>Chrysippi</span> <span class='ocrx_word' id='word_1_161' title='bbox 1187 1086 1363 1129; x_wconf 81' lang='lat' dir='ltr'>canem</span> <span class='ocrx_word' id='word_1_162' title='bbox 1388 1069 1647 1119; x_wconf 81' lang='lat' dir='ltr'>considera</span> <span class='ocrx_word' id='word_1_163' title='bbox 1667 1102 1680 1124; x_wconf 94' lang='lat'>,</span> <span class='ocrx_word' id='word_1_164' title='bbox 1717 1073 1766 1121; x_wconf 69' lang='grc' dir='ltr'>ὅ(</span> <span class='ocrx_word' id='word_1_165' title='bbox 1796 1070 2010 1125; x_wconf 87' lang='lat' dir='ltr'>videbis,</span> <span class='ocrx_word' id='word_1_166' title='bbox 2047 1072 2103 1123; x_wconf 76' lang='lat' dir='ltr'>ut</span> 
     </span>
     <span class='ocr_line' id='line_1_25' title="bbox 356 1133 2102 1202; baseline 0 -16"><span class='ocrx_word' id='word_1_167' title='bbox 356 1138 703 1202; x_wconf 85' lang='lat' dir='ltr'>persequendo</span> <span class='ocrx_word' id='word_1_168' title='bbox 725 1138 883 1185; x_wconf 87' lang='lat' dir='ltr'>feram</span> <span class='ocrx_word' id='word_1_169' title='bbox 907 1135 967 1183; x_wconf 87' lang='lat' dir='ltr'>ad</span> <span class='ocrx_word' id='word_1_170' title='bbox 982 1137 1185 1185; x_wconf 82' lang='lat' dir='ltr'>trivium</span> <span class='ocrx_word' id='word_1_171' title='bbox 1204 1133 1393 1183; x_wconf 88' lang='lat' dir='ltr'>delatus</span> <span class='ocrx_word' id='word_1_172' title='bbox 1413 1167 1426 1187; x_wconf 82' lang='lat'>,</span> <span class='ocrx_word' id='word_1_173' title='bbox 1463 1133 1725 1197; x_wconf 83' lang='lat' dir='ltr'>exploratis</span> <span class='ocrx_word' id='word_1_174' title='bbox 1745 1133 1964 1184; x_wconf 84' lang='lat' dir='ltr'>odoratu</span> <span class='ocrx_word' id='word_1_175' title='bbox 1984 1135 2102 1186; x_wconf 87' lang='lat' dir='ltr'>dua-</span> 
     </span>
     <span class='ocr_line' id='line_1_26' title="bbox 353 1196 2100 1260; baseline -0.006 -9"><span class='ocrx_word' id='word_1_176' title='bbox 353 1204 444 1251; x_wconf 86' lang='lat' dir='ltr'>bus</span> <span class='ocrx_word' id='word_1_177' title='bbox 468 1202 665 1255; x_wconf 83' lang='lat' dir='ltr'>semitis,</span> <span class='ocrx_word' id='word_1_178' title='bbox 686 1216 808 1249; x_wconf 88' lang='lat' dir='ltr'>mox</span> <span class='ocrx_word' id='word_1_179' title='bbox 829 1201 1024 1247; x_wconf 86' lang='lat' dir='ltr'>tertiam</span> <span class='ocrx_word' id='word_1_180' title='bbox 1045 1197 1100 1246; x_wconf 83' lang='lat' dir='ltr'>fit</span> <span class='ocrx_word' id='word_1_181' title='bbox 1117 1196 1474 1260; x_wconf 76' lang='lat' dir='ltr'>ingtess&#39;us,ho,c</span> <span class='ocrx_word' id='word_1_182' title='bbox 1496 1196 1732 1259; x_wconf 83' lang='lat' dir='ltr'>equidem</span> <span class='ocrx_word' id='word_1_183' title='bbox 1747 1230 1760 1250; x_wconf 84' lang='lat'>,</span> <span class='ocrx_word' id='word_1_184' title='bbox 1796 1213 1823 1246; x_wconf 88' lang='lat' dir='ltr'>a</span> <span class='ocrx_word' id='word_1_185' title='bbox 1849 1197 1883 1245; x_wconf 86' lang='lat' dir='ltr'>si</span> <span class='ocrx_word' id='word_1_186' title='bbox 1903 1199 2100 1248; x_wconf 84' lang='lat' dir='ltr'>D.Bafi.</span> 
     </span>
     <span class='ocr_line' id='line_1_27' title="bbox 353 1258 2101 1326; baseline -0.007 -11"><span class='ocrx_word' id='word_1_187' title='bbox 353 1267 426 1315; x_wconf 90' lang='lat' dir='ltr'>lio</span> <span class='ocrx_word' id='word_1_188' title='bbox 444 1264 717 1316; x_wconf 89' lang='lat' dir='ltr'>credimus,</span> <span class='ocrx_word' id='word_1_189' title='bbox 740 1262 951 1312; x_wconf 79' lang='lat' dir='ltr'>discursu</span> <span class='ocrx_word' id='word_1_190' title='bbox 973 1261 1272 1326; x_wconf 78' lang='lat' dir='ltr'>syllogistico</span> <span class='ocrx_word' id='word_1_191' title='bbox 1298 1261 1654 1309; x_wconf 85' lang='lat' dir='ltr'>determinatus</span> <span class='ocrx_word' id='word_1_192' title='bbox 1679 1277 1689 1308; x_wconf 88' lang='lat'><strong>:</strong></span> <span class='ocrx_word' id='word_1_193' title='bbox 1730 1258 1832 1318; x_wconf 66' lang='lat' dir='ltr'>fera</span> <span class='ocrx_word' id='word_1_194' title='bbox 1856 1277 1982 1324; x_wconf 79' lang='lat' dir='ltr'>quam</span> <span class='ocrx_word' id='word_1_195' title='bbox 1999 1275 2101 1323; x_wconf 80' lang='lat' dir='ltr'>per.</span> 
     </span>
     <span class='ocr_line' id='line_1_28' title="bbox 344 1324 2102 1392; baseline -0.001 -19"><span class='ocrx_word' id='word_1_196' title='bbox 344 1329 498 1392; x_wconf 66' lang='lat' dir='ltr'>sbqnor</span> <span class='ocrx_word' id='word_1_197' title='bbox 513 1364 524 1380; x_wconf 87' lang='lat'>,</span> <span class='ocrx_word' id='word_1_198' title='bbox 561 1341 638 1375; x_wconf 81' lang='lat' dir='ltr'>aut</span> <span class='ocrx_word' id='word_1_199' title='bbox 654 1330 732 1375; x_wconf 82' lang='lat' dir='ltr'>hac</span> <span class='ocrx_word' id='word_1_200' title='bbox 744 1360 757 1381; x_wconf 80' lang='lat'>‚</span> <span class='ocrx_word' id='word_1_201' title='bbox 793 1340 870 1373; x_wconf 77' lang='lat' dir='ltr'>aut</span> <span class='ocrx_word' id='word_1_202' title='bbox 881 1329 976 1376; x_wconf 70' lang='lat' dir='ltr'>illa,</span> <span class='ocrx_word' id='word_1_203' title='bbox 1000 1339 1076 1371; x_wconf 76' lang='lat' dir='ltr'>aut</span> <span class='ocrx_word' id='word_1_204' title='bbox 1095 1325 1170 1378; x_wconf 78' lang='lat' dir='ltr'>ista</span> <span class='ocrx_word' id='word_1_205' title='bbox 1185 1327 1372 1371; x_wconf 76' lang='lat' dir='ltr'>divertit</span> <span class='ocrx_word' id='word_1_206' title='bbox 1389 1336 1517 1384; x_wconf 79' lang='lat' dir='ltr'>parte</span> <span class='ocrx_word' id='word_1_207' title='bbox 1532 1342 1544 1367; x_wconf 92' lang='lat'>.·</span> <span class='ocrx_word' id='word_1_208' title='bbox 1559 1326 1777 1386; x_wconf 75' lang='lat' dir='ltr'>atqui-non</span> <span class='ocrx_word' id='word_1_209' title='bbox 1787 1324 1880 1375; x_wconf 82' lang='lat' dir='ltr'>hac,</span> <span class='ocrx_word' id='word_1_210' title='bbox 1897 1341 1976 1371; x_wconf 87' lang='lat' dir='ltr'>non</span> <span class='ocrx_word' id='word_1_211' title='bbox 1993 1329 2102 1375; x_wconf 81' lang='lat' dir='ltr'>item</span> 
     </span>
     <span class='ocr_line' id='line_1_29' title="bbox 353 1384 2104 1454; baseline -0.005 -15"><span class='ocrx_word' id='word_1_212' title='bbox 353 1395 426 1439; x_wconf 79' lang='lat' dir='ltr'>illa</span> <span class='ocrx_word' id='word_1_213' title='bbox 448 1391 590 1447; x_wconf 83' lang='lat' dir='ltr'>(cum</span> <span class='ocrx_word' id='word_1_214' title='bbox 612 1392 810 1440; x_wconf 90' lang='lat' dir='ltr'>nullum</span> <span class='ocrx_word' id='word_1_215' title='bbox 824 1389 1042 1454; x_wconf 83' lang='lat' dir='ltr'>fugitivae</span> <span class='ocrx_word' id='word_1_216' title='bbox 1065 1387 1327 1454; x_wconf 81' lang='lat' dir='ltr'>vestigium</span> <span class='ocrx_word' id='word_1_217' title='bbox 1350 1384 1757 1451; x_wconf 80' lang='lat' dir='ltr'>deprehendam)</span> <span class='ocrx_word' id='word_1_218' title='bbox 1776 1386 1905 1441; x_wconf 80' lang='lat' dir='ltr'>restat</span> <span class='ocrx_word' id='word_1_219' title='bbox 1917 1389 2029 1449; x_wconf 57' lang='lat' dir='ltr'>erga,</span> <span class='ocrx_word' id='word_1_220' title='bbox 2051 1392 2104 1438; x_wconf 78' lang='lat' dir='ltr'>il.</span> 
     </span>
     <span class='ocr_line' id='line_1_30' title="bbox 354 1450 2107 1514; baseline -0.004 -11"><span class='ocrx_word' id='word_1_221' title='bbox 354 1457 439 1503; x_wconf 82' lang='lat' dir='ltr'>lam</span> <span class='ocrx_word' id='word_1_222' title='bbox 459 1453 534 1508; x_wconf 58' lang='lat' dir='ltr'>zsti</span> <span class='ocrx_word' id='word_1_223' title='bbox 552 1450 694 1514; x_wconf 62' lang='lat' dir='ltr'>abiiffie</span> <span class='ocrx_word' id='word_1_224' title='bbox 714 1452 805 1500; x_wconf 68' lang='lat' dir='ltr'>vid.</span> <span class='ocrx_word' id='word_1_225' title='bbox 844 1453 875 1501; x_wconf 88' lang='lat' dir='ltr'>b</span> <span class='ocrx_word' id='word_1_226' title='bbox 912 1453 1061 1502; x_wconf 82' lang='lat' dir='ltr'>Indiae</span> <span class='ocrx_word' id='word_1_227' title='bbox 1076 1454 1252 1502; x_wconf 86' lang='lat' dir='ltr'>Simias</span> <span class='ocrx_word' id='word_1_228' title='bbox 1269 1450 1500 1500; x_wconf 77' lang='lat' dir='ltr'>attentius</span> <span class='ocrx_word' id='word_1_229' title='bbox 1522 1451 1887 1514; x_wconf 85' lang='lat' dir='ltr'>contemplare,</span> <span class='ocrx_word' id='word_1_230' title='bbox 1907 1454 1958 1502; x_wconf 69' lang='lat' dir='ltr'>&lt;Sc</span> <span class='ocrx_word' id='word_1_231' title='bbox 1972 1454 2107 1503; x_wconf 82' lang='lat' dir='ltr'>vide-</span> 
     </span>
     <span class='ocr_line' id='line_1_31' title="bbox 355 1513 2104 1581; baseline -0.001 -13"><span class='ocrx_word' id='word_1_232' title='bbox 355 1520 444 1573; x_wconf 82' lang='lat' dir='ltr'>bis,</span> <span class='ocrx_word' id='word_1_233' title='bbox 468 1534 587 1568; x_wconf 88' lang='lat' dir='ltr'>cum</span> <span class='ocrx_word' id='word_1_234' title='bbox 608 1517 824 1567; x_wconf 86' lang='lat' dir='ltr'>barbaris</span> <span class='ocrx_word' id='word_1_235' title='bbox 844 1533 936 1581; x_wconf 85' lang='lat' dir='ltr'>pro</span> <span class='ocrx_word' id='word_1_236' title='bbox 958 1516 1177 1581; x_wconf 70' lang='lat' dir='ltr'>pecuniis</span> <span class='ocrx_word' id='word_1_237' title='bbox 1198 1515 1386 1568; x_wconf 83' lang='lat' dir='ltr'>ludere,</span> <span class='ocrx_word' id='word_1_238' title='bbox 1401 1516 1450 1563; x_wconf 92' lang='lat' dir='ltr'>in</span> <span class='ocrx_word' id='word_1_239' title='bbox 1469 1513 1575 1563; x_wconf 85' lang='lat' dir='ltr'>lusu</span> <span class='ocrx_word' id='word_1_240' title='bbox 1593 1513 1804 1563; x_wconf 66' lang='lat' dir='ltr'>viestores</span> <span class='ocrx_word' id='word_1_241' title='bbox 1828 1515 1941 1563; x_wconf 90' lang='lat' dir='ltr'>suos</span> <span class='ocrx_word' id='word_1_242' title='bbox 1953 1519 2104 1567; x_wconf 88' lang='lat' dir='ltr'>civili-</span> 
     </span>
     <span class='ocr_line' id='line_1_32' title="bbox 354 1573 2104 1644; baseline -0.002 -14"><span class='ocrx_word' id='word_1_243' title='bbox 354 1594 454 1632; x_wconf 85' lang='lat' dir='ltr'>tate</span> <span class='ocrx_word' id='word_1_244' title='bbox 478 1578 689 1630; x_wconf 76' lang='lat' dir='ltr'>minime</span> <span class='ocrx_word' id='word_1_245' title='bbox 712 1579 920 1629; x_wconf 69' lang='lat' dir='ltr'>barbara</span> <span class='ocrx_word' id='word_1_246' title='bbox 947 1579 1009 1626; x_wconf 84' lang='lat' dir='ltr'>ad</span> <span class='ocrx_word' id='word_1_247' title='bbox 1027 1581 1385 1644; x_wconf 83' lang='lat' dir='ltr'>Oenopolium</span> <span class='ocrx_word' id='word_1_248' title='bbox 1416 1580 1649 1631; x_wconf 88' lang='lat' dir='ltr'>invitare,</span> <span class='ocrx_word' id='word_1_249' title='bbox 1678 1573 1839 1639; x_wconf 83' lang='lat' dir='ltr'>iisque</span> <span class='ocrx_word' id='word_1_250' title='bbox 1868 1578 1930 1626; x_wconf 89' lang='lat' dir='ltr'>de</span> <span class='ocrx_word' id='word_1_251' title='bbox 1957 1593 2104 1643; x_wconf 83' lang='lat' dir='ltr'>parto</span> 
     </span>
    </p>
   </div>
   <div class='ocr_carea' id='block_1_6' title="bbox 234 1637 2167 1835">
    <p class='ocr_par' dir='ltr' id='par_1_7' title="bbox 234 1637 2167 1835">
     <span class='ocr_line' id='line_1_33' title="bbox 304 1637 2104 1708; baseline -0.001 -14"><span class='ocrx_word' id='word_1_252' title='bbox 304 1686 317 1700; x_wconf 78' lang='grc'><strong>.</strong></span> <span class='ocrx_word' id='word_1_253' title='bbox 353 1647 497 1695; x_wconf 85' lang='lat' dir='ltr'>lucro</span> <span class='ocrx_word' id='word_1_254' title='bbox 520 1657 701 1708; x_wconf 86' lang='lat' dir='ltr'>potum</span> <span class='ocrx_word' id='word_1_255' title='bbox 722 1643 987 1692; x_wconf 83' lang='lat' dir='ltr'>liberaliter</span> <span class='ocrx_word' id='word_1_256' title='bbox 1006 1643 1222 1691; x_wconf 81' lang='lat' dir='ltr'>solvere:</span> <span class='ocrx_word' id='word_1_257' title='bbox 1261 1644 1311 1689; x_wconf 62' lang='grc' dir='ltr'>ὃς</span> <span class='ocrx_word' id='word_1_258' title='bbox 1330 1637 1539 1701; x_wconf 85' lang='lat' dir='ltr'>quisista</span> <span class='ocrx_word' id='word_1_259' title='bbox 1557 1656 1644 1703; x_wconf 89' lang='lat' dir='ltr'>per</span> <span class='ocrx_word' id='word_1_260' title='bbox 1655 1641 1788 1688; x_wconf 87' lang='lat' dir='ltr'>solos</span> <span class='ocrx_word' id='word_1_261' title='bbox 1808 1653 1993 1690; x_wconf 82' lang='lat' dir='ltr'>naturae</span> <span class='ocrx_word' id='word_1_262' title='bbox 2012 1646 2104 1693; x_wconf 87' lang='lat' dir='ltr'>im-</span> 
     </span>
     <span class='ocr_line' id='line_1_34' title="bbox 234 1703 2102 1774; baseline -0.001 -17"><span class='ocrx_word' id='word_1_263' title='bbox 234 1717 250 1763; x_wconf 85' lang='lat' dir='ltr'>l</span> <span class='ocrx_word' id='word_1_264' title='bbox 280 1752 291 1763; x_wconf 85' lang='lat'>‚</span> <span class='ocrx_word' id='word_1_265' title='bbox 353 1721 495 1774; x_wconf 83' lang='lat' dir='ltr'>petus</span> <span class='ocrx_word' id='word_1_266' title='bbox 517 1707 700 1761; x_wconf 85' lang='lat' dir='ltr'>solvat,</span> <span class='ocrx_word' id='word_1_267' title='bbox 738 1704 824 1754; x_wconf 84' lang='lat' dir='ltr'>nisi</span> <span class='ocrx_word' id='word_1_268' title='bbox 848 1704 946 1754; x_wconf 72' lang='lat' dir='ltr'>una</span> <span class='ocrx_word' id='word_1_269' title='bbox 971 1703 1232 1753; x_wconf 80' lang='lat' dir='ltr'>dissolvere</span> <span class='ocrx_word' id='word_1_270' title='bbox 1252 1704 1369 1752; x_wconf 90' lang='lat' dir='ltr'>velit</span> <span class='ocrx_word' id='word_1_271' title='bbox 1393 1703 1888 1766; x_wconf 65' lang='lat' dir='ltr'>totumPeripatum?</span> <span class='ocrx_word' id='word_1_272' title='bbox 1924 1705 2102 1755; x_wconf 68' lang='lat' dir='ltr'>Astio-</span> 
     </span>
     <span class='ocr_line' id='line_1_35' title="bbox 271 1764 2167 1835; baseline -0.005 -14"><span class='ocrx_word' id='word_1_273' title='bbox 271 1796 284 1825; x_wconf 91' lang='grc'>.·</span> <span class='ocrx_word' id='word_1_274' title='bbox 351 1788 439 1823; x_wconf 83' lang='lat' dir='ltr'>nes</span> <span class='ocrx_word' id='word_1_275' title='bbox 457 1770 666 1835; x_wconf 80' lang='lat' dir='ltr'>singulas</span> <span class='ocrx_word' id='word_1_276' title='bbox 689 1766 1040 1832; x_wconf 64' lang='lat' dir='ltr'>Philosophica</span> <span class='ocrx_word' id='word_1_277' title='bbox 1059 1764 1241 1816; x_wconf 66' lang='lat' dir='ltr'>trutina</span> <span class='ocrx_word' id='word_1_278' title='bbox 1263 1765 1533 1830; x_wconf 85' lang='lat' dir='ltr'>perpende,</span> <span class='ocrx_word' id='word_1_279' title='bbox 1548 1767 1658 1815; x_wconf 81' lang='lat' dir='ltr'>&amp;in</span> <span class='ocrx_word' id='word_1_280' title='bbox 1671 1767 1903 1815; x_wconf 86' lang='lat' dir='ltr'>Stoicum</span> <span class='ocrx_word' id='word_1_281' title='bbox 1924 1771 2104 1833; x_wconf 83' lang='lat' dir='ltr'>migra.</span> <span class='ocrx_word' id='word_1_282' title='bbox 2163 1801 2167 1811; x_wconf 92' lang='lat'><em>.</em></span> 
     </span>
    </p>
   </div>
   <div class='ocr_carea' id='block_1_7' title="bbox 352 1830 2103 1958">
    <p class='ocr_par' dir='ltr' id='par_1_8' title="bbox 352 1830 2103 1958">
     <span class='ocr_line' id='line_1_36' title="bbox 352 1830 2103 1897; baseline -0.005 -14"><span class='ocrx_word' id='word_1_283' title='bbox 352 1835 424 1885; x_wconf 91' lang='lat' dir='ltr'>bo</span> <span class='ocrx_word' id='word_1_284' title='bbox 445 1846 582 1884; x_wconf 88' lang='lat' dir='ltr'>totus</span> <span class='ocrx_word' id='word_1_285' title='bbox 596 1866 610 1887; x_wconf 90' lang='lat'>,</span> <span class='ocrx_word' id='word_1_286' title='bbox 638 1834 724 1881; x_wconf 82' lang='lat' dir='ltr'>nisi</span> <span class='ocrx_word' id='word_1_287' title='bbox 746 1832 902 1881; x_wconf 84' lang='lat' dir='ltr'>finem</span> <span class='ocrx_word' id='word_1_288' title='bbox 924 1830 1265 1895; x_wconf 82' lang='lat' dir='ltr'>deprehendas</span> <span class='ocrx_word' id='word_1_289' title='bbox 1282 1830 1565 1891; x_wconf 69' lang='lat' dir='ltr'>intingulis,</span> <span class='ocrx_word' id='word_1_290' title='bbox 1601 1840 1804 1892; x_wconf 87' lang='lat' dir='ltr'>propter</span> <span class='ocrx_word' id='word_1_291' title='bbox 1817 1845 1969 1891; x_wconf 87' lang='lat' dir='ltr'>quem</span> <span class='ocrx_word' id='word_1_292' title='bbox 1983 1848 2103 1897; x_wconf 85' lang='lat' dir='ltr'>ope-</span> 
     </span>
     <span class='ocr_line' id='line_1_37' title="bbox 352 1891 2103 1958; baseline -0.002 -11"><span class='ocrx_word' id='word_1_293' title='bbox 352 1911 547 1947; x_wconf 89' lang='lat' dir='ltr'>rantur:</span> <span class='ocrx_word' id='word_1_294' title='bbox 585 1895 672 1945; x_wconf 85' lang='lat' dir='ltr'>nisi</span> <span class='ocrx_word' id='word_1_295' title='bbox 693 1895 858 1945; x_wconf 86' lang='lat' dir='ltr'>media</span> <span class='ocrx_word' id='word_1_296' title='bbox 877 1894 1042 1958; x_wconf 82' lang='lat' dir='ltr'>palpes</span> <span class='ocrx_word' id='word_1_297' title='bbox 1065 1906 1273 1955; x_wconf 84' lang='lat' dir='ltr'>utraque</span> <span class='ocrx_word' id='word_1_298' title='bbox 1286 1907 1458 1943; x_wconf 83' lang='lat' dir='ltr'>manu,</span> <span class='ocrx_word' id='word_1_299' title='bbox 1473 1906 1581 1954; x_wconf 85' lang='lat' dir='ltr'>quae</span> <span class='ocrx_word' id='word_1_300' title='bbox 1594 1891 1782 1953; x_wconf 82' lang='lat' dir='ltr'>eligunt</span> <span class='ocrx_word' id='word_1_301' title='bbox 1795 1894 2103 1956; x_wconf 88' lang='lat' dir='ltr'>consequen-</span> 
     </span>
    </p>
   </div>
   <div class='ocr_carea' id='block_1_8' title="bbox 273 1951 2106 2149">
    <p class='ocr_par' dir='ltr' id='par_1_9' title="bbox 273 1951 2106 2149">
     <span class='ocr_line' id='line_1_38' title="bbox 305 1951 2106 2022; baseline -0.002 -10"><span class='ocrx_word' id='word_1_302' title='bbox 305 2005 317 2016; x_wconf 83' lang='lat'><strong>.</strong></span> <span class='ocrx_word' id='word_1_303' title='bbox 354 1963 424 2012; x_wconf 92' lang='lat' dir='ltr'>do</span> <span class='ocrx_word' id='word_1_304' title='bbox 446 1960 534 2010; x_wconf 89' lang='lat' dir='ltr'>fini</span> <span class='ocrx_word' id='word_1_305' title='bbox 554 1956 773 2009; x_wconf 74' lang='lat' dir='ltr'>maxime</span> <span class='ocrx_word' id='word_1_306' title='bbox 794 1969 1096 2022; x_wconf 84' lang='lat' dir='ltr'>opportuna.</span> <span class='ocrx_word' id='word_1_307' title='bbox 1147 1973 1174 2004; x_wconf 95' lang='lat' dir='ltr'>c</span> <span class='ocrx_word' id='word_1_308' title='bbox 1210 1958 1308 2005; x_wconf 89' lang='lat' dir='ltr'>Pro</span> <span class='ocrx_word' id='word_1_309' title='bbox 1342 1951 1464 2003; x_wconf 88' lang='lat' dir='ltr'>teste</span> <span class='ocrx_word' id='word_1_310' title='bbox 1487 1970 1669 2004; x_wconf 87' lang='lat' dir='ltr'>canem</span> <span class='ocrx_word' id='word_1_311' title='bbox 1689 1954 1891 2003; x_wconf 86' lang='lat' dir='ltr'>adducit</span> <span class='ocrx_word' id='word_1_312' title='bbox 1918 1958 2106 2008; x_wconf 87' lang='lat' dir='ltr'>Plutar-</span> 
     </span>
     <span class='ocr_line' id='line_1_39' title="bbox 308 2016 2102 2087; baseline -0.003 -11"><span class='ocrx_word' id='word_1_313' title='bbox 308 2066 320 2077; x_wconf 92' lang='lat'><em>.</em></span> <span class='ocrx_word' id='word_1_314' title='bbox 354 2026 503 2078; x_wconf 85' lang='lat' dir='ltr'>chus,</span> <span class='ocrx_word' id='word_1_315' title='bbox 540 2025 626 2087; x_wconf 89' lang='lat' dir='ltr'>qui</span> <span class='ocrx_word' id='word_1_316' title='bbox 645 2021 903 2087; x_wconf 70' lang='lat' dir='ltr'>amphorae</span> <span class='ocrx_word' id='word_1_317' title='bbox 925 2020 1119 2068; x_wconf 77' lang='lat' dir='ltr'>oleariae</span> <span class='ocrx_word' id='word_1_318' title='bbox 1140 2019 1415 2072; x_wconf 80' lang='lat' dir='ltr'>insidiatus,</span> <span class='ocrx_word' id='word_1_319' title='bbox 1451 2016 1572 2066; x_wconf 74' lang='lat' dir='ltr'>cum</span> <span class='ocrx_word' id='word_1_320' title='bbox 1590 2018 1805 2083; x_wconf 75' lang='lat' dir='ltr'>superius</span> <span class='ocrx_word' id='word_1_321' title='bbox 1824 2018 2102 2084; x_wconf 82' lang='lat' dir='ltr'>angustam,</span> 
     </span>
     <span class='ocr_line' id='line_1_40' title="bbox 273 2079 2104 2149; baseline -0.004 -8"><span class='ocrx_word' id='word_1_322' title='bbox 273 2130 283 2141; x_wconf 93' lang='lat'><strong>.</strong></span> <span class='ocrx_word' id='word_1_323' title='bbox 352 2105 447 2140; x_wconf 87' lang='lat' dir='ltr'>nec</span> <span class='ocrx_word' id='word_1_324' title='bbox 466 2085 573 2136; x_wconf 78' lang='lat' dir='ltr'>satis</span> <span class='ocrx_word' id='word_1_325' title='bbox 598 2087 800 2149; x_wconf 87' lang='lat' dir='ltr'>plenam</span> <span class='ocrx_word' id='word_1_326' title='bbox 822 2086 1095 2132; x_wconf 81' lang='lat' dir='ltr'>intueretur</span> <span class='ocrx_word' id='word_1_327' title='bbox 1113 2117 1127 2138; x_wconf 91' lang='lat'>,</span> <span class='ocrx_word' id='word_1_328' title='bbox 1162 2081 1357 2131; x_wconf 87' lang='lat' dir='ltr'>tamdiu</span> <span class='ocrx_word' id='word_1_329' title='bbox 1378 2080 1698 2143; x_wconf 44' lang='lat' dir='ltr'>&lt;conquisitos</span> <span class='ocrx_word' id='word_1_330' title='bbox 1717 2079 1807 2129; x_wconf 73' lang='lat' dir='ltr'>ase</span> <span class='ocrx_word' id='word_1_331' title='bbox 1827 2082 2018 2147; x_wconf 87' lang='lat' dir='ltr'>lapillos</span> <span class='ocrx_word' id='word_1_332' title='bbox 2051 2089 2104 2135; x_wconf 89' lang='lat' dir='ltr'>in</span> 
     </span>
    </p>
   </div>
   <div class='ocr_carea' id='block_1_9' title="bbox 354 2144 2104 2464">
    <p class='ocr_par' dir='ltr' id='par_1_10' title="bbox 354 2144 2104 2464">
     <span class='ocr_line' id='line_1_41' title="bbox 354 2144 2102 2216; baseline 0.001 -19"><span class='ocrx_word' id='word_1_333' title='bbox 354 2150 613 2216; x_wconf 81' lang='lat' dir='ltr'>lecythum</span> <span class='ocrx_word' id='word_1_334' title='bbox 647 2149 838 2205; x_wconf 89' lang='lat' dir='ltr'>injecit,</span> <span class='ocrx_word' id='word_1_335' title='bbox 876 2147 1043 2195; x_wconf 87' lang='lat' dir='ltr'>donec</span> <span class='ocrx_word' id='word_1_336' title='bbox 1073 2146 1336 2211; x_wconf 83' lang='lat' dir='ltr'>affurgeret</span> <span class='ocrx_word' id='word_1_337' title='bbox 1362 2144 1535 2192; x_wconf 90' lang='lat' dir='ltr'>oleum</span> <span class='ocrx_word' id='word_1_338' title='bbox 1557 2177 1569 2196; x_wconf 84' lang='lat'>,</span> <span class='ocrx_word' id='word_1_339' title='bbox 1607 2144 1772 2208; x_wconf 85' lang='lat' dir='ltr'>&amp;ipse</span> <span class='ocrx_word' id='word_1_340' title='bbox 1796 2144 2102 2204; x_wconf 88' lang='lat' dir='ltr'>lambendo,</span> 
     </span>
     <span class='ocr_line' id='line_1_42' title="bbox 355 2203 2102 2274; baseline -0.003 -9"><span class='ocrx_word' id='word_1_341' title='bbox 355 2214 626 2265; x_wconf 83' lang='lat' dir='ltr'>satisfacere</span> <span class='ocrx_word' id='word_1_342' title='bbox 649 2212 774 2274; x_wconf 80' lang='lat' dir='ltr'>gulae</span> <span class='ocrx_word' id='word_1_343' title='bbox 794 2209 967 2274; x_wconf 84' lang='lat' dir='ltr'>poffet.</span> <span class='ocrx_word' id='word_1_344' title='bbox 1005 2210 1039 2257; x_wconf 93' lang='lat' dir='ltr'>d</span> <span class='ocrx_word' id='word_1_345' title='bbox 1073 2212 1295 2262; x_wconf 83' lang='lat' dir='ltr'>Cancer,</span> <span class='ocrx_word' id='word_1_346' title='bbox 1314 2208 1399 2257; x_wconf 88' lang='lat' dir='ltr'>ubi</span> <span class='ocrx_word' id='word_1_347' title='bbox 1421 2203 1605 2257; x_wconf 83' lang='lat' dir='ltr'>ostreas</span> <span class='ocrx_word' id='word_1_348' title='bbox 1623 2209 1784 2262; x_wconf 85' lang='lat' dir='ltr'>videt,</span> <span class='ocrx_word' id='word_1_349' title='bbox 1799 2207 1966 2259; x_wconf 86' lang='lat' dir='ltr'>hiante</span> <span class='ocrx_word' id='word_1_350' title='bbox 1981 2226 2102 2260; x_wconf 88' lang='lat' dir='ltr'>con-</span> 
     </span>
     <span class='ocr_line' id='line_1_43' title="bbox 359 2271 2099 2339; baseline 0.001 -17"><span class='ocrx_word' id='word_1_351' title='bbox 359 2276 478 2330; x_wconf 64' lang='lat' dir='ltr'>cha,</span> <span class='ocrx_word' id='word_1_352' title='bbox 503 2276 780 2324; x_wconf 83' lang='lat' dir='ltr'>radiantem</span> <span class='ocrx_word' id='word_1_353' title='bbox 792 2273 1051 2323; x_wconf 83' lang='lat' dir='ltr'>Phoebum</span> <span class='ocrx_word' id='word_1_354' title='bbox 1068 2274 1357 2324; x_wconf 85' lang='lat' dir='ltr'>admittere,</span> <span class='ocrx_word' id='word_1_355' title='bbox 1384 2285 1506 2320; x_wconf 84' lang='lat' dir='ltr'>mox</span> <span class='ocrx_word' id='word_1_356' title='bbox 1531 2286 1588 2318; x_wconf 84' lang='lat' dir='ltr'>ex</span> <span class='ocrx_word' id='word_1_357' title='bbox 1601 2271 1776 2327; x_wconf 83' lang='lat' dir='ltr'>insidiis</span> <span class='ocrx_word' id='word_1_358' title='bbox 1799 2277 2099 2339; x_wconf 88' lang='lat' dir='ltr'>prorumpit,</span> 
     </span>
     <span class='ocr_line' id='line_1_44' title="bbox 359 2334 2102 2405; baseline 0.001 -21"><span class='ocrx_word' id='word_1_359' title='bbox 359 2337 528 2405; x_wconf 72' lang='lat' dir='ltr'>lapillo</span> <span class='ocrx_word' id='word_1_360' title='bbox 549 2335 807 2387; x_wconf 60' lang='lat' dir='ltr'>instrustus</span> <span class='ocrx_word' id='word_1_361' title='bbox 823 2370 836 2391; x_wconf 87' lang='lat'>,</span> <span class='ocrx_word' id='word_1_362' title='bbox 856 2351 962 2398; x_wconf 89' lang='lat' dir='ltr'>quo</span> <span class='ocrx_word' id='word_1_363' title='bbox 984 2336 1273 2399; x_wconf 83' lang='lat' dir='ltr'>clanculum¹</span> <span class='ocrx_word' id='word_1_364' title='bbox 1291 2334 1492 2389; x_wconf 65' lang='lat' dir='ltr'>injesto,</span> <span class='ocrx_word' id='word_1_365' title='bbox 1518 2334 1977 2399; x_wconf 79' lang='lat' dir='ltr'>conchylijportam</span> <span class='ocrx_word' id='word_1_366' title='bbox 1993 2340 2102 2386; x_wconf 87' lang='lat' dir='ltr'>red-</span> 
     </span>
     <span class='ocr_line' id='line_1_45' title="bbox 359 2395 2104 2464; baseline 0.002 -19"><span class='ocrx_word' id='word_1_367' title='bbox 359 2405 430 2453; x_wconf 80' lang='lat' dir='ltr'>dit</span> <span class='ocrx_word' id='word_1_368' title='bbox 451 2402 539 2451; x_wconf 83' lang='lat' dir='ltr'>fibi</span> <span class='ocrx_word' id='word_1_369' title='bbox 557 2412 836 2464; x_wconf 89' lang='lat' dir='ltr'>patentem,</span> <span class='ocrx_word' id='word_1_370' title='bbox 872 2395 1046 2462; x_wconf 77' lang='lat' dir='ltr'>sicque</span> <span class='ocrx_word' id='word_1_371' title='bbox 1065 2415 1159 2462; x_wconf 87' lang='lat' dir='ltr'>pro</span> <span class='ocrx_word' id='word_1_372' title='bbox 1177 2398 1319 2447; x_wconf 82' lang='lat' dir='ltr'>libitu</span> <span class='ocrx_word' id='word_1_373' title='bbox 1331 2396 1480 2445; x_wconf 88' lang='lat' dir='ltr'>chelis</span> <span class='ocrx_word' id='word_1_374' title='bbox 1493 2397 1701 2447; x_wconf 85' lang='lat' dir='ltr'>extrahit</span> <span class='ocrx_word' id='word_1_375' title='bbox 1712 2397 1929 2461; x_wconf 86' lang='lat' dir='ltr'>praedam</span> <span class='ocrx_word' id='word_1_376' title='bbox 1944 2432 1958 2453; x_wconf 86' lang='lat'>‚</span> <span class='ocrx_word' id='word_1_377' title='bbox 1973 2400 2104 2450; x_wconf 71' lang='lat' dir='ltr'>male</span> 
     </span>
    </p>
   </div>
   <div class='ocr_carea' id='block_1_10' title="bbox 358 2457 2177 2524">
    <p class='ocr_par' dir='ltr' id='par_1_11' title="bbox 358 2457 2177 2524">
     <span class='ocr_line' id='line_1_46' title="bbox 358 2457 2177 2524; baseline -0.004 -7"><span class='ocrx_word' id='word_1_378' title='bbox 358 2462 803 2524; x_wconf 87' lang='lat' dir='ltr'>custoditam,quia</span> <span class='ocrx_word' id='word_1_379' title='bbox 824 2458 954 2512; x_wconf 76' lang='lat' dir='ltr'>male</span> <span class='ocrx_word' id='word_1_380' title='bbox 977 2463 1207 2511; x_wconf 63' lang='lat' dir='ltr'>clausam·</span> <span class='ocrx_word' id='word_1_381' title='bbox 1237 2476 1265 2509; x_wconf 89' lang='lat' dir='ltr'>e</span> <span class='ocrx_word' id='word_1_382' title='bbox 1298 2457 1525 2510; x_wconf 78' lang='lat' dir='ltr'>Astutius</span> <span class='ocrx_word' id='word_1_383' title='bbox 1546 2476 1694 2511; x_wconf 85' lang='lat' dir='ltr'>more</span> <span class='ocrx_word' id='word_1_384' title='bbox 1712 2460 1803 2510; x_wconf 91' lang='lat' dir='ltr'>suo</span> <span class='ocrx_word' id='word_1_385' title='bbox 1820 2460 1864 2509; x_wconf 91' lang='lat' dir='ltr'>se</span> <span class='ocrx_word' id='word_1_386' title='bbox 1881 2461 1928 2510; x_wconf 91' lang='lat' dir='ltr'>se</span> <span class='ocrx_word' id='word_1_387' title='bbox 1946 2463 2101 2512; x_wconf 90' lang='lat' dir='ltr'>vindi-</span> <span class='ocrx_word' id='word_1_388' title='bbox 2170 2475 2177 2480; x_wconf 82' lang='lat'>·</span> 
     </span>
    </p>
   </div>
   <div class='ocr_carea' id='block_1_11' title="bbox 363 2520 2104 2642">
    <p class='ocr_par' dir='ltr' id='par_1_12' title="bbox 363 2520 2104 2642">
     <span class='ocr_line' id='line_1_47' title="bbox 363 2520 2104 2637; baseline -0.003 -55"><span class='ocrx_word' id='word_1_389' title='bbox 363 2542 443 2584; x_wconf 84' lang='lat' dir='ltr'>cat</span> <span class='ocrx_word' id='word_1_390' title='bbox 464 2528 661 2595; x_wconf 83' lang='lat' dir='ltr'>vulpes,</span> <span class='ocrx_word' id='word_1_391' title='bbox 681 2526 890 2591; x_wconf 82' lang='lat' dir='ltr'>pulices,</span> <span class='ocrx_word' id='word_1_392' title='bbox 914 2521 1146 2576; x_wconf 86' lang='lat' dir='ltr'>custodes</span> <span class='ocrx_word' id='word_1_393' title='bbox 1176 2520 1513 2582; x_wconf 84' lang='lat' dir='ltr'>domesticos,</span> <span class='ocrx_word' id='word_1_394' title='bbox 1537 2523 1696 2576; x_wconf 86' lang='lat' dir='ltr'>exosa.</span> <span class='ocrx_word' id='word_1_395' title='bbox 1775 2523 2038 2637; x_wconf 74' lang='lat' dir='ltr'>Senfimdse</span> <span class='ocrx_word' id='word_1_396' title='bbox 2056 2526 2104 2576; x_wconf 88' lang='lat' dir='ltr'>se</span> 
     </span>
     <span class='ocr_line' id='line_1_48' title="bbox 1897 2602 2042 2642; baseline 0 -1"><span class='ocrx_word' id='word_1_397' title='bbox 1897 2602 1964 2642; x_wconf 84' lang='lat' dir='ltr'>un.</span> <span class='ocrx_word' id='word_1_398' title='bbox 2002 2603 2042 2641; x_wconf 76' lang='lat' dir='ltr'>is</span> 
     </span>
    </p>
   </div>
  </div>
 </body>
</html>
