2177 2905
419 98 509 149 208
1035 90 1214 165 Oedipus
1235 101 1445 165 Physicus'.

356 195 533 249 Urbes,
555 196 608 246 ὅ(
629 194 858 263 Oppida,
878 194 914 247 fi
943 196 1179 264 deglutit,
1202 200 1425 250 arescunt
1453 198 1687 255 flumina;
1726 199 1761 252 si
1783 200 2112 258 eructatmo·

354 261 450 309 mit
468 258 1212 320 diluvia,morbos,!sterilitates,
1228 266 1278 314 ὃ(
1297 261 1594 329 pestilentias
1615 283 1625 313 :
1661 269 1713 316 ὅ(
1729 266 1853 329 quid
1873 266 1938 316 ad
1958 282 2110 316 mon-

353 318 510 371 strum
532 322 635 372 hoc
647 324 877 389 Oedipus
890 324 1151 389 Phyiicus?
1219 329 1376 374 MEL:
1443 331 1491 378 T
1493 343 1722 384 temeret,
1745 328 1833 379 nisi
1851 329 1986 379 foret
1999 329 2111 380 Phi-

351 384 619 450 losophus,
646 389 731 449 qui
750 390 800 436 in
822 390 1052 460 Peripato
1081 390 1284 440 assuevit
1313 387 1564 441 monstris.
1631 394 1909 458 Gigantum
1934 394 2110 442 Parem

351 460 457 497 tem
478 446 711 514 graphice
740 450 1022 516 descripiisti
1049 453 1144 502 hac
1174 453 1403 518 apodixi5
1447 455 1735 511 Tellurem,
1762 454 1966 519 ejusque
1995 471 2109 505 mo-

352 523 429 562 tus
453 512 672 578 designat
694 514 796 562 hoc
808 516 1262 581 Hieroglyphicum
1278 516 1492 572 schema,
1508 520 1650 580 quod
1673 535 1760 584 per
1784 518 1986 569 effeetus
2005 518 2124 570 bel-s

104 578 321 645 Rudozphi
351 570 398 624 le
416 575 957 649 Sphinx-adumbravit.
1026 580 1351 635 Penicillum,
1371 597 1516 635 reor,
1541 584 1792 633 mutuavit
1820 579 1848 631 ὲ
1870 583 2106 648 Koplero

102 652 175 699 II.
198 651 302 695 Ma·-
350 639 580 701 quodam
595 672 608 694 ,
627 653 712 691 aut
735 642 1080 708 Campanella,
1097 645 1183 707 qui
1207 659 1315 692 non
1337 641 1505 694 modo
1526 646 1770 700 calorem,
1789 648 1841 696 ὃς
1863 646 2016 710 frigus
2036 647 2107 695 vi-

101 713 236 762 them,
350 717 467 753 vere
491 701 672 758 asserit,
696 703 778 753 sed
806 708 958 756 etiam
981 719 1167 756 terram
1193 708 1375 758 Animal
1393 706 1486 755 effe
1506 709 1796 760 contendit,
1822 712 1872 759 ὅ(
1893 709 2101 771 quidem

349 768 589 822 rationale,
608 769 746 825 cujus
774 769 857 833 pili
878 770 987 818 sunt
1005 786 1215 821 nemora
1231 805 1245 826 ,
1269 771 1415 833 quod
1447 770 1534 818 ubi
1564 771 1806 834 conspicit
1830 768 2105 822 Astrorum

348 828 490 883 fitus,
514 833 709 884 tremit,
735 833 785 881 ὃς
809 833 852 879 se
876 834 1173 889 conturbat,
1193 831 1222 885 ὲ
1238 833 1568 898 pulmonibus
1592 834 1780 882 eructat
1799 845 2007 887 ventos,
2032 835 2108 883 fn-

347 894 428 947 rir‚
450 895 499 942 ὃ(
523 892 612 942 suis
638 893 850 944 hiatibus
874 894 1104 944 absorbet
1134 898 1329 947 cunita.
1384 896 1485 943 En!
1523 896 1930 960 Morologorum
1956 897 2007 944 in
2019 898 2108 946 Pe.

351 957 515 1020 ripato
536 956 754 1006 somnia:
807 957 889 1023 sed
919 974 1015 1006 nos
1042 959 1354 1008 imitabimur
1378 958 1479 1014 jam
1506 959 1826 1012 Homerum,
1848 962 1900 1010 ὅ(
1923 974 1981 1008 ex
2007 961 2105 1010 En..

348 1022 558 1068 niorum
595 1019 845 1076 ejusmodi
871 1021 1071 1070 faecibus
1095 1037 1274 1072 aurum
1291 1021 1606 1086 colligamm.
1690 1024 1984 1072 Innumeras
2010 1024 2106 1072 cla-

349 1081 434 1131 des
458 1081 484 1131 ὲ
505 1085 670 1131 Terrae
697 1083 920 1133 motibus
944 1085 1149 1135 Mundo
1180 1086 1374 1140 allatas,
1403 1100 1563 1135 nemo
1589 1085 1768 1139 nescit,
1792 1084 1878 1135 nifi
1906 1087 1994 1148 qui
2021 1087 2102 1136 vel

347 1147 508 1210 ipsum
528 1145 680 1194 nescit
697 1142 926 1196 Historiae
945 1163 1166 1198 nomen.-
1203 1151 1423 1199 clamant
1444 1145 1472 1198 ὲ
1492 1150 1713 1204 tumuliS,
1726 1164 1855 1212 quos
1876 1150 2019 1199 vivos
2038 1151 2104 1198 se-

346 1205 486 1274 peliit
506 1221 652 1262 terra,
674 1211 933 1275 &integra
948 1214 1124 1277 Regna
1146 1213 1258 1262 solo
1277 1224 1468 1275 aequata
1493 1211 1721 1266 afferunt,
1743 1209 1861 1260 tristi
1879 1212 1981 1261 hoc
1992 1213 2102 1278 Epi·

346 1271 552 1336 taphiO,
579 1288 738 1321 arenae
767 1276 1028 1339 inscripto:
1096 1277 1191 1323 Hit
1217 1275 1292 1323 ubi
1321 1276 1367 1323 T
1359 1276 1453 1335 roja
1471 1274 1624 1330 stetit,
1651 1275 1790 1329 tristes
1819 1275 1939 1322 mod«)
1969 1279 2100 1322 cernis

345 1334 508 1389 aristas:
598 1335 751 1386 Certe
780 1353 995 1402 magnos
1026 1340 1347 1404 ingeniorum
1378 1350 1552 1389 motus
1584 1335 1858 1388 excitarunt
1885 1338 1937 1386 hi
1961 1350 2099 1388 terrae

344 1411 544 1448 motus:
581 1396 715 1449 adeo
735 1397 935 1450 difficile
957 1399 1052 1456 est,
1074 1403 1219 1452 rebus
1243 1406 1395 1453 etiam
1415 1404 1575 1457 certis,
1597 1403 1733 1452 suam
1753 1398 1963 1451 statuere
1987 1417 2100 1451 cau-

343 1462 467 1516 sam,
490 1477 547 1511 ac
567 1462 819 1527 phyficam
838 1464 1061 1527 genesin!
1099 1466 1435 1515 Daemonibus
1454 1465 1548 1515 hos
1570 1478 1740 1515 motus
1759 1465 1984 1514 adscribit
2003 1466 2100 1514 Bo-

346 1525 603 1579 dinus,sed
621 1526 889 1577 humanius
916 1528 1375 1593 philosopharetur,
1395 1528 1428 1578 fi
1447 1528 1548 1577 fine
1566 1530 1836 1579 Daemone.
1905 1530 2100 1591 Stagiri-

344 1600 394 1637 ta
425 1590 540 1639 illos
576 1590 796 1638 attribuit
827 1592 1149 1641 subterraneis
1180 1595 1368 1646 ventis,
1397 1593 1475 1641 vel
1506 1592 1743 1656 spiritibus
1778 1591 2017 1644 accensis,
2046 1595 2099 1643 ὅ(

347 1654 633 1701 concitatis:
673 1664 939 1715 utramque
964 1654 1159 1702 causam
1181 1655 1324 1703 fimul
1344 1652 1546 1703 adstruit
1559 1655 2099 1718 Maurus,Philosopho

347 1716 524 1779 dignus
543 1716 823 1779 Interpres÷
857 1717 924 1763 illi
955 1720 1192 1766 omnium
1224 1713 1445 1781 optime,
1467 1720 1552 1779 qui
1582 1717 1724 1774 hujus
1755 1717 2096 1781 phoenomcni

346 1777 549 1844 genesin
573 1777 830 1827 deducunt
850 1794 905 1825 ex
930 1781 1051 1827 aeris
1073 1782 1337 1834 concitati,
1363 1795 1419 1828 ac
1439 1781 1490 1828 in
1509 1793 1647 1828 terrae
1665 1776 1921 1843 gurgustiis
1949 1782 2097 1828 inter-

349 1844 481 1906 cepti
519 1841 762 1891 violentia
785 1860 796 1889 :
834 1857 891 1888 ex
911 1840 1093 1890 affiuxu
1113 1841 1368 1907 spirituum
1384 1875 1396 1896 ,
1418 1846 1467 1892 ὃς
1501 1843 1875 1891 exhalationum
1890 1875 1904 1896 ,
1922 1858 2031 1905 quae
2048 1842 2096 1891 sc

350 1900 379 1955 ὲ
405 1905 656 1970 catadupis
685 1905 1006 1953 subterraneis
1040 1906 1230 1954 levant:
1281 1920 1374 1953 nec
1399 1921 1511 1954 non
1532 1921 1589 1953 ex
1618 1907 1810 1969 ignium
1832 1908 2094 1969 copia,qui

348 1972 401 2019 in
423 1966 791 2034 pyrotechnicis
811 1966 1054 2032 hypogeis
1085 1968 1320 2030 coffritati
1335 2001 1348 2021 ,
1370 1971 1556 2018 exitum
1583 1980 1837 2031 quaerunt,
1861 1984 1918 2017 ac
1946 1971 2097 2018 colle-

346 2034 432 2083 cto
463 2036 657 2097 impetu
687 2043 881 2079 tentant
915 2023 1259 2096 eruptiofi'em:
1295 2027 1323 2080 ὲ
1346 2032 1523 2095 quibus
1557 2032 1656 2089 jam
1682 2031 1856 2095 sponte
1883 2030 2095 2094 sequitut

347 2109 486 2146 terrae
509 2108 698 2149 motus,
711 2109 866 2157 quem
890 2093 983 2142 ess'e
1004 2094 1292 2156 concuffionem
1314 2095 1341 2141 ἀ
1363 2095 1520 2154 copiosti
1542 2095 1698 2146 halitu,
1712 2094 1882 2154 spiritu,
1905 2096 1960 2142 (φ
1980 2097 2089 2154 igne,

347 2157 577 2219 visceribus
598 2172 722 2205 terrae
748 2157 922 2213 incluso,
944 2173 994 2202 ac
1019 2161 1139 2204 viam
1158 2169 1240 2219 per
1265 2161 1357 2207 vim
1366 2157 1451 2217 fibi
1474 2161 1693 2218 aperiente
1703 2156 1893 2216 fabiam,
1920 2161 2092 2207 unani-

347 2227 420 2274 mi
453 2222 650 2272 calculo
683 2232 820 2268 tenet
851 2219 1187 2286 Philosophia.
1285 2220 1595 2285 Analogiam
1626 2221 1846 2285 praebent
1876 2220 2092 2271 cuniculi

347 2286 527 2339 bellici,
541 2286 591 2332 in
612 2283 795 2346 quibus·
817 2283 851 2332 fi
871 2284 1130 2348 pulverem
1147 2286 1346 2349 pyrit'tm
1367 2285 1606 2333 accendat
1627 2282 1893 2337 Mulciber,
1909 2297 2093 2334 terram

349 2351 508 2414 quatit
524 2381 536 2401 ,
559 2342 819 2409 turresque
840 2349 1041 2401 evertit,
1066 2363 1123 2395 ac
1157 2347 1547 2412 propugnacula.
1647 2346 1972 2396 Confirmant
1989 2346 2093 2395 hoc

349 2413 509 2478 ipsum
529 2411 757 2475 Spiritus,
776 2411 826 2457 in
845 2412 959 2458 aere
983 2411 1369 2463 tumultuantes,
1394 2412 1479 2472 qui
1499 2426 1607 2459 non
1633 2409 1748 2459 raro
1770 2410 1945 2458 cuncta
1969 2410 2093 2465 disii—

349 2478 503 2527 ciunt,
523 2475 641 2523 &in
656 2473 871 2520 Oceano
892 2482 1062 2522 creant
1084 2472 1354 2523 saeviffitnas
1376 2472 1705 2538 tempestates.
1773 2473 1872 2522 Sed
1890 2473 1994 2521 haec
2018 2472 2092 2522 so.-

343 2536 622 2591 lummodo
645 2534 896 2599 symbola,
921 2550 1030 2599 quae
1057 2536 1336 2602 spectaculo
1358 2533 1498 2587 ¹<seint
1527 2535 1803 2590 umbratili,
1837 2535 2089 2648 ιιιὲξέῗπεκ-
