2222 2905
633 90 910 153 Mausolaeum
938 89 1301 154 Peripateticum.
1753 89 1796 151 9⁴

66 186 201 241 entia
225 204 238 239 :
273 201 461 256 nempe
494 189 551 236 ad
577 205 731 236 veram
742 243 745 245 ,
748 183 1011 251 ,Ιῖτρίεητῑὶιηι
1029 194 1264 254 pervenire
1292 205 1374 238 non
1393 185 1559 253 possunt
1588 226 1601 244 ‚
1633 192 1714 256 -qui
1734 188 1851 250 falsse

55 254 140 313 fiae
156 256 377 316 fizpientiae
395 251 556 312 fiducid
588 252 809 315 defipiunt.
877 256 1036 303 MEL:
1072 258 1237 320 Utique
1275 258 1345 303 :mi
1365 255 1692 306 Leucothee:
1722 254 1852 305 hinc
1888 291 1896 298 .

63 319 212 370 vides,
244 316 356 382 quod
373 321 498 365 Deus
517 333 598 364 non
612 317 770 378 probet
791 318 931 365 multa
942 319 1155 377 stientem
1168 317 1182 374 ,
1197 319 1236 379 si
1254 320 1424 366 modum
1442 320 1595 376 sciendi
1614 320 1809 377 nescierit
1832 338 1845 366 :

64 383 189 428 vides
209 417 223 434 ‚
260 381 465 445 quomodo
486 379 683 441 ftuffum
702 383 1021 430 &utilitatem
1025 383 1218 441 scientiae
1234 386 1286 430 sin
1308 384 1428 430 modo
1441 383 1602 442 sciendi
1619 382 1848 437 constituit.

64 447 181 505 Qid
201 459 298 506 ergo
319 446 450 497 dicit,
473 443 556 504 nisi
566 457 623 491 ut
630 444 745 502 scias
759 481 776 497 ,
812 461 895 510 quo
929 447 1075 494 ordine
1099 483 1113 499 ,
1152 463 1232 512 quo
1248 445 1417 501 studio,
1459 463 1539 509 qno
1564 445 1654 506 fine
1683 464 1852 511 quaeque

65 507 172 569 noffie
192 520 390 570 oporteat
408 527 426 555 ,.·
462 525 543 572 quo
565 509 712 555 ordine
729 510 754 557 ἐ
782 511 962 557 utillud
971 510 1123 571 pribis,
1154 511 1272 575 quod
1292 510 1513 558 maturias
1543 524 1691 558 movet
1712 513 1773 558 ad
1779 511 1856 569 fiz-

63 573 200 621 lutem
219 590 234 618 .·
268 578 350 636 quo
364 573 512 621 Studso
528 574 556 620 ἒ
587 585 638 618 ut
655 574 760 620 illud
777 574 1000 625 ardentius
1028 610 1041 627 ,
1079 572 1189 639 quod
1236 576 1534 622 vehementitis
1557 576 1611 621 ad
1637 590 1853 622 amorem.-

95 653 147 684 uo
157 634 247 695 fine
273 638 295 685 ,ἒ
330 649 380 684 ut
399 653 481 688 non
500 637 556 683 ad
577 638 751 684 inanem
767 690 769 692 ,
773 638 960 698 gloriam
980 674 994 690 ,
1032 638 1323 699 curiositatem
1340 674 1361 691 ‚
1393 651 1478 688 aut
1500 639 1673 703 aliquid
1684 638 1854 700 simile,

55 652 129 760 ,Zeti
150 700 323 748 tanttkm
351 701 406 746 ad
421 712 549 747 ‚tuam
570 702 629 748 Θ
657 702 842 748 aliorum
864 700 1201 759 >aedificationem.

190 763 390 815 LEUC:
434 762 621 813 Forsan
651 765 868 814 Divinus
908 766 1056 816 Plato
1097 766 1242 832 supra
1278 765 1553 817 hominem
1583 767 1770 834 sapuit,
1806 771 1860 822 ὃς

65 827 334 879 meliorem
357 827 421 876 de
438 828 712 892 Sapientia,
728 843 886 892 quam
902 828 1099 880 felicius
1120 831 1316 881 coleret
1331 865 1344 886 ,
1380 831 1470 880 fibi
1491 831 1632 880 finxit
1650 832 1859 882 Ideam?

63 893 230 944 MEL:
267 891 396 942 Ideae
421 891 695 941 Platonicae
715 891 1027 958 figmentum
1048 893 1188 950 sunt,
1209 911 1326 944 non
1355 896 1684 946 Platonicum
1697 929 1710 950 ,
1730 895 1812 945 sed
1830 894 1859 947 ὲ

65 957 338 1007 Platonicis
360 954 562 1005 Platoni
593 953 836 1006 affifkum.
908 958 1037 1022 Qis
1073 960 1210 1008 enim
1247 959 1311 1008 de
1329 959 1511 1010 divino
1538 958 1858 1026 Philosopho

66 1032 175 1069 tam
207 1019 499 1070 humaniter
520 1052 533 1074 ,
569 1017 680 1068 imo
711 1020 1055 1071 inhumaniter
1076 1059 1090 1075 ‚
1123 1025 1180 1074 ὅ(
1213 1018 1381 1088 inepte
1409 1025 1425 1071 ἒ
1471 1022 1711 1073 caeterum
1738 1056 1753 1079 ,
1789 1039 1859 1073 ,an

67 1087 283 1134 Zenone
310 1082 514 1149 propius
536 1084 752 1148 tetigerit
769 1085 1044 1150 pundtum,
1072 1087 1264 1152 patebit
1287 1085 1451 1137 brevi.
1539 1088 1687 1137 Plato
1716 1103 1859 1137 anno

67 1147 250 1196 mundi
272 1160 346 1196 ter
368 1146 641 1196 millesimo
669 1148 1031 1199 sexcentesimo
1054 1149 1301 1215 vigesimo
1332 1153 1514 1213 quinto
1544 1153 1766 1215 primam
1791 1152 1860 1200 le-

66 1213 199 1275 gitur
224 1209 451 1276 aspexisse
466 1211 667 1259 lucem:
715 1211 891 1260 infelix
917 1245 930 1266 ,
964 1214 1082 1275 quIa
1110 1226 1225 1262 ante
1250 1215 1450 1263 Lucem
1478 1214 1686 1264 mundo
1715 1230 1860 1264 exor-

67 1286 177 1323 tam
196 1289 334 1323 anno
361 1274 505 1339 supra
534 1274 1089 1340 quadringentefimum
1109 1275 1354 1341 vigelimo
1384 1277 1605 1327 ofi‘cavo:
1651 1278 1768 1327 felix
1789 1291 1860 1328 ta-

67 1353 194 1390 men
213 1353 310 1403 pro
331 1337 461 1386 illius
484 1339 733 1401 temporis
757 1339 1079 1394 conditione,
1100 1342 1220 1402 quia
1242 1340 1429 1403 aspexit
1445 1341 1619 1390 lucem
1639 1341 1859 1392 Athenis

69 1401 196 1452 urbe
223 1400 259 1450 si
294 1417 406 1450 non
440 1399 579 1450 orbis
599 1397 858 1459 Domina,
881 1400 1060 1451 saltem
1083 1400 1344 1468 Magistra.
1442 1407 1581 1456 Non
1597 1404 1786 1455 decido
1802 1406 1860 1455 li-

67 1477 202 1519 tem,
235 1480 300 1513 an
329 1464 398 1512 illi
419 1464 530 1529 plus
565 1464 755 1513 Gloriae
774 1465 941 1516 natale
960 1466 1241 1521 solun],an
1264 1468 1351 1516 ille
1380 1468 1576 1517 dederit
1601 1469 1755 1518 natali
1781 1469 1860 1519 so-

68 1529 150 1577 lo:
185 1530 315 1577 inter
338 1527 688 1577 Academicos
708 1527 815 1577 hoc
847 1524 957 1578 esto
978 1529 1264 1595 problema.
1330 1533 1468 1581 Illius
1493 1544 1760 1597 parentem
1787 1533 1860 1582 hi·

67 1588 231 1641 storiae
253 1587 554 1641 Aristonem
576 1593 878 1648 nominant,
912 1592 1118 1642 fortasse
1141 1591 1267 1645 ideo
1282 1628 1296 1650 ,
1317 1611 1384 1644 ne
1412 1594 1688 1645 hominem
1716 1597 1861 1646 coelo

69 1653 329 1721 delapsum
349 1651 477 1705 falso
505 1654 595 1704 fibi
615 1651 891 1721 posteritas.
962 1654 1114 1707 Certe
1142 1660 1225 1707 vix
1248 1672 1377 1708 nato
1397 1659 1620 1708 imbrem
1642 1676 1861 1710 aureum

70 1734 132 1768 ex
154 1716 289 1768 astris
312 1718 571 1784 delapsum
587 1719 773 1774 ferunt,
791 1716 1014 1786 ape'sque
1036 1724 1266 1771 certatim
1285 1738 1413 1772 mox
1428 1720 1704 1779 advolasse,
1729 1739 1860 1788 quae,

70 1783 225 1833 melle
250 1784 302 1832 in
321 1783 517 1848 pueruli
534 1783 672 1832 labra
698 1783 951 1849 depofito,
972 1785 1154 1836 futurae
1176 1786 1509 1851 praeluderent
1528 1788 1858 1851 eloquentiae:

73 1849 126 1898 ὅ(
150 1848 288 1895 enim
305 1843 433 1896 vero
454 1845 563 1896 haec
584 1859 722 1896 tanta
739 1848 864 1902 fuit,
883 1861 941 1897 ut
963 1846 1122 1913 vulgo
1145 1849 1355 1898 haberet
1378 1851 1735 1915 proverbium:
1772 1852 1861 1911 Jo-

74 1909 220 1970 vemfi
237 1910 371 1957 attic&
392 1910 509 1973 loqui
529 1912 694 1973 vellet,
713 1927 796 1957 non
816 1912 906 1958 alio
929 1911 1057 1975 (μάνη
1077 1913 1275 1959 Platonis
1302 1930 1373 1960 ore
1405 1915 1664 1961 locuturum.
1756 1916 1859 1964 Pri-

72 1990 217 2023 mam
249 1986 448 2023 aetatem
468 1975 633 2028 trivit,
652 1974 870 2023 terendo
905 1975 1134 2030 colores,
1170 1975 1417 2024 Pistoribus
1442 1991 1576 2041 atque
1604 1979 1751 2025 Ροέἑίς
1788 1978 1862 2030 fa-

73 2038 276 2088 miliaris
290 2071 304 2093 ‚
326 2050 383 2087 ut
408 2038 590 2101 quibus
608 2038 817 2087 licerent
840 2040 1045 2094 omnia,
1065 2039 1239 2089 liceret
1269 2042 1421 2090 etiarn
1451 2037 1623 2098 facile,
1644 2041 1709 2091 ad
1738 2042 1858 2091 libe-

73 2103 256 2153 ralium
276 2104 463 2152 artium
491 2102 717 2151 lauream
731 2136 745 2157 ,
766 2104 940 2152 amico
964 2102 1082 2154 dare
1112 2103 1387 2153 licentiam.
1457 2104 1557 2154 Sed
1570 2105 1654 2154 rad
1677 2106 1860 2158 altiora

75 2166 214 2215 illam
243 2177 518 2216 vocaverat
537 2165 889 2232 Philosophia,
914 2181 1071 2230 quam
1093 2167 1181 2217 ubi
1202 2170 1284 2218 vix
1305 2166 1447 2218 nosse
1471 2171 1617 2232 cepit,
1635 2168 1858 2219 efflietim

77 2227 313 2293 deperiit:
359 2228 503 2287 hujus
526 2235 704 2279 amore
733 2230 988 2279 adhaerens
1004 2231 1229 2285 Socrati,
1248 2248 1373 2280 mox
1394 2233 1614 2284 Cratilo‚
1642 2232 1857 2282 demum

74 2290 451 2357 Thermogeni,
477 2293 813 2344 celeberrimis
834 2295 928 2344 aevi
956 2294 1026 2343 sui
1056 2293 1401 2360 Philosophis,
1437 2295 1558 2345 cum
1584 2296 1767 2345 sciendi
1801 2296 1860 2345 fi-

78 2356 172 2403 tim
195 2356 527 2405 accenderent
546 2356 714 2422 potius
727 2391 742 2413 ,
764 2356 921 2421 quam
938 2358 1182 2414 levarent,
1195 2359 1397 2409 Dostos
1418 2359 1607 2422 ubique
1625 2361 1857 2423 gentium

78 2414 372 2482 investigare
404 2417 598 2477 statuit,
621 2421 890 2487 proposito
917 2433 1024 2471 tam
1051 2421 1255 2478 audaci,
1279 2422 1436 2486 quam
1466 2423 1681 2472 efficaci:
1732 2432 1856 2471 nam

80 2482 302 2546 Megarae
324 2484 376 2531 in
407 2483 604 2535 Achaia
629 2486 920 2541 Euclidem,
951 2486 1176 2550 Cyrenes
1207 2488 1260 2535 in
1288 2488 1448 2551 Lybia
1481 2485 1854 2540 Theodorum,

81 2544 370 2598 Matheseos
392 2548 642 2618 Principes
661 2547 842 2601 audiit:
879 2548 1023 2668 subgn
1043 2548 1379 2617 Pythagorica
1414 2550 1602 2605 visurus
1624 2549 1852 2668 lqffilcma'

1736 2628 1791 2664 Q-

1876 224 2055 290 &Gr-eg.

1880 306 2036 339 mmor·

1880 357 1921 401 S.
1936 360 2038 406 Ber.

1867 418 1966 481 βψ.
2034 431 2038 436 ·

1886 484 2006 531 Cant.

1869 546 1961 608 ser.
1972 545 2029 606 36
2042 572 2056 588 ο

1867 2627 1887 2664 A
