2205 2905
394 99 455 151 28
968 84 1101 138 Atlas
1119 82 1448 148 Philosbphicus.

337 197 524 240 tatem,
544 198 639 234 nec
671 179 760 232 nisi
779 179 948 231 multis
978 175 1138 244 stipati
1157 175 1430 244 vaporibus
1461 173 1730 230 advolant3
1756 176 1874 229 hinc
1888 177 2100 245 Aquarii

341 251 639 315 plerumque
659 245 873 311 figniferi
887 278 900 299 ,
919 243 1058 300 cujus
1080 257 1259 291 urnam
1286 256 1396 290 non
1417 239 1626 308 segniter
1648 239 1930 293 effundunt.
2006 244 2102 300 Illi,

343 313 524 376 quibus
550 313 733 361 Oriens
758 310 908 358 fraena
931 308 1075 360 laxat,
1098 308 1150 353 in
1172 307 1342 375 calore
1366 306 1415 354 ὅ(
1445 307 1659 353 siccitate
1683 306 1995 369 quandoque
2019 322 2102 357 va-

341 379 497 430 riant,
518 375 782 424 serenitatis
808 373 928 420 certi
959 371 1245 435 praenuntii,
1270 371 1320 418 &
1353 367 1639 417 salubritatis
1667 372 1822 418 aereae
1847 369 2107 420 Caducea·

343 454 494 488 tores.
597 440 730 488 Hine
748 435 782 485 si
804 451 959 499 quam
977 434 1117 482 luem
1135 429 1420 501 pestiferam
1438 430 1572 480 afflet
1593 433 1824 481 meridies
1840 466 1853 488 ,
1873 433 1936 482 ad
1959 448 2106 483 occa-

340 504 450 554 sum
471 502 773 554 detruditur,
797 511 972 550 ortum
1001 495 1252 544 declinare
1272 496 1388 552 jussa
1403 527 1417 550 ,
1437 494 1714 544 salubritate
1737 509 2029 550 ventorum,
2049 495 2107 546 ut

341 566 553 617 Author
583 562 652 614 est
680 564 881 613 Plinius.
982 559 1111 610 Illud
1132 560 1350 622 denique
1373 561 1524 609 velim
1558 559 1813 614 observes,
1842 560 2108 610 utilitatem

342 643 619 680 ventorum
646 631 846 677 aeream
867 625 1100 689 quidem,
1123 623 1204 671 sed
1238 625 1537 685 neutiquam
1570 625 1800 672 inanem:
1824 635 2039 687 purgant
2059 638 2107 671 e-

342 696 478 746 nim,
505 696 554 743 &
578 691 820 742 ventilant
852 693 1019 741 aerea3
1067 689 1240 736 noxias
1269 687 1389 751 saepe
1419 687 1677 749 qualitates
1710 686 1973 736 discutiunt
1991 720 2003 741 ,
2025 687 2106 736 vel

342 756 611 806 absumunt
626 773 638 809 5
676 752 869 805 aestivos
898 763 1181 818 temperant
1205 751 1424 804 calores,
1449 753 1498 799 ὃς
1520 748 1712 814 hyemis
1738 751 2007 800 emolliunt
2025 750 2111 801 fri-

342 837 494 885 gora,
541 819 806 869 foecundas
836 816 1012 884 pluviis
1043 815 1201 864 nubes
1232 815 1294 862 ab
1328 815 1546 863 Oceano
1566 813 2106 869 advehunt3-tcrran1,

342 884 507 942 nimiis
537 884 733 934 nivibus
757 916 770 938 ,
798 876 1148 940 imbribusque
1177 875 1562 941 propemodum
1591 876 1887 940 naufragam
1908 908 1922 930 ,
1950 877 2112 926 rursus

343 947 615 1000 exsiccant,
636 947 949 996 commercia
966 942 1218 991 maritima
1243 950 1575 1004 promovent,
1600 940 1782 1004 optimi
1811 937 2109 989 Architalas-

343 1011 405 1065 fi,
435 1011 554 1060 cum
581 1013 632 1059 in
663 1009 946 1059 triremibus
978 1003 1276 1066 suspendunt
1298 1017 1500 1057 remos,
1525 1005 1572 1052 ὅ(
1603 1004 1740 1051 Euro
1772 999 1932 1065 magis
1961 1004 2109 1052 volu-

345 1090 450 1124 cres
475 1076 668 1124 addunt
697 1075 811 1122 alaS.
913 1069 1011 1120 Sed
1036 1069 1100 1117 fic
1129 1081 1225 1130 ego
1250 1065 1406 1114 hodie
1435 1067 1544 1115 vela
1578 1081 1688 1114 non
1715 1065 2039 1120 contraham,
2070 1065 2107 1116 fi

342 1137 537 1188 infinita
563 1138 846 1187 commoda
863 1167 876 1189 ,
894 1134 1222 1198 proprietates
1238 1164 1249 1184 ,
1273 1133 1321 1181 &
1356 1145 1533 1177 arcana
1565 1142 1839 1180 ventorum
1873 1126 2109 1194 mysteria.

345 1203 568 1251 dicendo
593 1202 749 1251 velim
772 1198 1065 1250 eventilare:
1102 1193 1308 1243 sufficiat
1330 1193 1418 1242 tibi
1446 1208 1540 1257 pro
1564 1192 1957 1258 epiphonemate
1982 1193 2110 1243 illud

345 1266 490 1330 Regii
512 1267 654 1317 Vatis
675 1264 957 1316 Oraculum
971 1294 984 1316 ,
1006 1257 1151 1323 quod
1172 1273 1281 1306 non
1298 1255 1576 1308 nifiDEUS
1598 1258 1648 1302 de
1669 1257 1873 1315 thefimris
1883 1256 1970 1313 suis
1990 1272 2109 1322 pro·

349 1330 500 1379 ducat
521 1343 724 1381 ventos:
762 1329 866 1378 hoc
886 1323 971 1380 est,
993 1325 1043 1370 de
1055 1324 1133 1381 fita
1146 1324 1343 1383 potentia
1355 1321 1633 1381 lecretiffimffi
1649 1333 1777 1383 atque
1795 1320 2007 1381 ditiffima,
2021 1336 2109 1384 quae

343 1410 556 1456 nunquam
585 1395 808 1440 exhauriri
824 1388 987 1454 potest,
1012 1388 1067 1438 ut
1097 1391 1148 1437 in
1177 1385 1313 1436 hunc
1339 1385 1514 1435 locum
1534 1385 1861 1435 Bellarminus
1875 1383 2111 1438 Scholio-

341 1456 557 1523 graphus
579 1459 898 1523 Purpurariis.

472 1524 628 1570 MEL:
697 1523 768 1571 Sit
793 1523 940 1586 igitur
956 1553 969 1574 ,
993 1518 1056 1568 ad
1079 1530 1262 1567 terram
1281 1515 1454 1567 denuo
1485 1527 1819 1572 revertamur,
1840 1528 1895 1566 tit
1913 1518 1966 1566 in
1984 1517 2109 1581 igni-

342 1597 400 1634 to
420 1586 617 1649 Ignatio
640 1586 902 1635 Mundum
932 1586 1178 1631 miremur
1201 1577 1486 1635 coelestem,
1524 1585 1573 1630 ὅ(
1604 1580 1631 1630 a
1655 1581 1933 1645 Seraphino
1959 1593 2109 1628 terre-

338 1645 424 1696 stri
447 1645 707 1697 coelestem
727 1647 970 1696 discamus
991 1644 1386 1707 Philosophiam.
1453 1646 1609 1690 MEL:
1676 1645 1886 1698 Falleris,
1900 1644 1962 1692 de
1982 1643 2106 1692 Coe-

341 1712 397 1760 lo
423 1727 531 1760 non
557 1723 764 1776 oportet
783 1709 1097 1759 descendere,
1118 1705 1152 1755 fi
1176 1703 1367 1755 coelesti
1387 1705 1504 1755 huic
1525 1706 1835 1771 Philosopho
1858 1707 2003 1770 loqui
2021 1721 2105 1756 cu-

341 1776 432 1839 pis.
518 1776 800 1838 Nunquam
824 1774 905 1822 ille
929 1775 980 1821 in
1003 1784 1129 1819 terra
1144 1804 1156 1823 ,
1184 1772 1334 1818 ctiam
1357 1768 1477 1818 eum
1502 1767 1720 1818 maxime
1746 1771 1840 1819 fuit
1870 1775 1921 1820 in
1945 1782 2100 1818 terra:

342 1853 465 1887 nam
482 1839 799 1888 conversatio
827 1838 896 1885 illi
918 1838 1089 1884 eratin
1110 1833 1268 1883 Coelis
1285 1866 1298 1886 ,
1320 1831 1403 1881 etsi
1423 1833 1662 1881 habitatio
1683 1832 1843 1882 fuiss'et
1861 1836 1911 1883 in
1932 1835 2099 1883 terris:

341 1904 539 1968 percipe
571 1902 856 1950 mirabilem
895 1897 1128 1963 Sophum
1151 1930 1163 1951 ,
1199 1896 1507 1960 paradoxam
1543 1896 1849 1945 methodum
1881 1897 2102 1963 philoso-

341 1965 546 2030 phandi.
633 1966 714 2015 Sic
732 1963 1043 2013 intell-cetum
1072 1962 1318 2014 excoluit,
1343 1971 1397 2008 ut
1428 1975 1537 2008 non
1568 1961 1840 2025 negligeret
1870 1963 2103 2011 volunta-

342 2041 475 2077 tem:
512 2028 578 2077 fic
595 2029 781 2079 Palladi
804 2028 850 2076 se
869 2028 1078 2081 dicavit,
1102 2037 1154 2074 ut
1179 2022 1428 2089 praeferret
1451 2026 1713 2075 virtutem3
1766 2024 2100 2090 Philosophia:

342 2093 388 2141 se
412 2093 807 2142 commodando
823 2124 835 2146 ,
860 2088 1195 2153 Theosophiae
1215 2086 1516 2136 Sanstorum
1546 2099 1718 2135 totum
1742 2086 1788 2135 se
1810 2089 2104 2138 consecran-

345 2156 441 2205 do:
479 2157 586 2220 plus
611 2158 774 2206 oravit
792 2189 808 2208 ,.
831 2154 983 2217 quani
1011 2150 1222 2203 studuit3
1256 2148 1365 2199 imo
1385 2149 1587 2199 ⁴orando
1612 2148 1811 2205 studuit,
1828 2155 1877 2202 ὃς
1902 2150 2101 2201 studen-

345 2220 416 2267 do
436 2223 622 2269 oravit:
658 2223 710 2268 in
730 2221 962 2281 Peripato
985 2215 1273 2265 ambulabat
1308 2213 1369 2262 de
1393 2214 1495 2266 die,
1516 2218 1566 2262 in
1590 2214 1835 2264 Oratorio
1867 2214 2098 2265 flectebat

345 2282 408 2331 dc
429 2283 580 2331 noete
596 2317 607 2337 ,
632 2283 819 2347 septem
837 2283 986 2330 horas
1007 2292 1240 2328 orantem
1264 2274 1520 2341 obstupuit
1540 2277 1861 2341 Phosphorus
1876 2312 1888 2333 ,
1909 2278 2098 2329 Vultus·

346 2360 444 2408 que
472 2346 733 2409 splendore
764 2346 1025 2410 deceptuS,
1052 2342 1310 2392 Phoebum
1341 2340 1476 2389 hunc
1504 2341 1597 2388 css'e
1629 2339 1870 2391 aestimans
1888 2344 2097 2408 ,inipso

346 2421 463 2457 ortu
481 2410 683 2473 segnem
707 2411 751 2457 se
771 2410 1050 2473 Hesperum
1071 2405 1382 2469 increpabat:
1419 2403 1642 2453 Phoebus
1661 2406 1756 2468 ipse
1784 2410 1834 2454 in
1858 2407 2000 2462 radiis
2021 2422 2096 2455 re-

345 2473 584 2537 plicatum
606 2472 651 2521 se
667 2486 814 2524 ratus,
839 2475 1156 2536 Ignatianum
1174 2468 1295 2532 saepe
1316 2471 1556 2516 attonitus
1580 2470 1812 2532 i'chtavit
1829 2468 2092 2535 paraelion:

342 2536 425 2590 sed
444 2534 565 2588 cum
583 2536 750 2603 saepius
775 2536 837 2591 sic
863 2533 1147 2589 offenderet
1167 2531 1416 2586 sublatum
1438 2533 1490 2583 in
1512 2534 1624 2586 aera
1637 2564 1652 2591 ,
1675 2532 1816 2585 senlit
1842 2535 2091 2598 ignatium

1933 2598 2029 2654 effe
2050 2652 2051 2655 ,
