2222 2905
1038 95 1318 146 Prooemium.

282 197 472 249 sorem,
496 193 611 256 quia
625 224 638 247 ‚
660 189 716 241 fit
737 189 926 242 Gellius
948 189 1177 247 advertit,
1189 193 1401 240 hominem
1412 187 1637 248 fiaavitate
1655 189 1805 253 insigni
1818 192 1966 255 lingua
1978 205 2061 256 pa³
2119 227 2123 232 ‹

279 265 391 309 riter
414 271 541 321 atque
558 258 673 303 vitae.
772 256 1140 306 Atramentum
1171 255 1361 307 videbis
1385 252 1413 303 a
1435 252 1612 305 biles&
1643 259 1820 306 toxico
1855 258 2064 323 depura-

277 338 416 373 tum,
452 321 568 384 quia
589 334 700 368 non
720 318 809 368 nifi
827 321 999 369 amicae
1022 321 1151 368 inter
1172 320 1365 368 amicos
1387 318 1512 368 lites,
1597 319 1795 385 Stylum
1820 321 1965 384 quod
1993 333 2064 370 at·
2130 360 2133 362 .

277 389 428 437 tinet,
453 383 626 437 multi,
651 394 706 432 ut
731 382 857 432 solet
873 415 886 436 ‚
912 381 1262 431 desiderabunt
1289 382 1477 436 multa,
1508 397 1603 448 pro
1627 384 1865 432 varietate
1891 381 2061 449 gustus

279 457 484 514 carpent
501 446 743 510 plurima:
780 444 855 495 his
884 447 1021 494 enim
1045 444 1201 494 decrit
1219 445 1346 503 Livij
1370 447 1606 511 gravitas,
1631 446 1722 494 illis
1752 445 2060 496 foecunditas

280 514 566 563 Ciceronist
601 509 678 567 alij
713 511 922 574 argutias
945 507 1294 573 exspectabunt
1319 507 1524 565 Masenij
1545 541 1557 562 ‚
1594 509 1670 566 alii
1701 509 1954 573 optabunt
1978 509 2061 559 de-

281 577 413 625 licias
434 573 780 633 Bidermanni:
827 571 951 620 mihi
972 583 1026 620 ut
1049 570 1230 625 fatear,
1255 571 1417 620 sectari
1437 572 1647 636 placuit,
1673 568 1857 636 stylum
1874 574 1902 631 J
1909 588 2061 622 uven-

281 636 708 688 tutiAcademicae
726 669 738 688 ‚
765 637 845 684 cui
872 635 1158 688 scribimus,
1195 637 1246 685 ὅ(
1267 636 1544 684 amoeniori
1582 637 1801 684 materia:
1820 668 1833 689 ‚
1868 636 1931 684 de
1960 651 2062 699 qua
2120 643 2125 648 ’

280 702 564 754 scribimus,
586 696 745 762 magis
770 697 1251 747 accommodatum:
1306 712 1462 761 quem
1483 696 1517 746 si
1545 694 1680 746 forte
1694 697 1865 747 afferas
1892 698 2060 748 minus

282 765 540 818 adultum,
576 777 750 828 praetcr
776 764 1031 811 intentum
1057 761 1125 810 nil
1154 762 1401 824 loqueris:
1449 776 1570 809 nam
1600 761 1851 823 leqiumur
1873 764 1925 810 in
1954 761 2059 810 soc-

284 831 353 879 cis
391 831 721 887 Juventutem
747 859 760 881 ,
798 829 849 877 ὃς
879 827 931 873 in
971 824 1231 874 cothurnis
1259 839 1353 889 pro
1377 825 1564 872 merito
1593 839 1894 875 veneramur
1928 824 2060 872 senc-

284 894 436 943 Ctam.
521 891 666 939 Plura
686 905 797 938 non
821 889 985 943 addo,
1022 887 1172 936 addet
1203 921 1217 941 ,
1253 902 1363 950 quae
1396 886 1570 936 desunt
1601 919 1614 941 ‚
1650 899 1736 935 tua
1764 887 1951 935 Lestoi·
1979 887 2062 936 be-

283 956 600 1007 nevolentia,
637 968 737 1016 qua
760 953 794 1002 fi
817 967 1030 1001 manum
1063 966 1172 999 non
1200 951 1412 1015 poteris,
1443 950 1679 1014 probabis
1711 948 1884 997 saltem
1909 965 2059 999 cona-

283 1033 413 1070 tum.
461 1017 605 1068 Idem
627 1015 914 1080 suffragium
940 1015 1224 1079 aSapientia
1250 1015 1527 1067 lucarnam,
1547 1011 1746 1075 ejusque
1758 1012 1886 1060 Sede
1900 1013 2063 1077 Virgi-

373 1097 466 1132 nea
496 1080 828 1144 exspee'tamus
853 1114 866 1135 ‚
902 1078 1079 1142 quibus
1105 1076 1204 1126 una
1225 1091 1348 1125 cum
1367 1065 1698 1141 Philosophiae
1731 1074 1939 1125 biennio
1964 1107 1980 1131 2

569 1143 802 1194 laborem
829 1143 1238 1206 qualemcunque
1259 1137 1494 1191 ultimate
1525 1139 1777 1193 dicamus,

950 1208 1002 1255 δε
1028 1203 1395 1253 consecramus,
