2177 2905
24 1800 25 1803 ’
89 1797 149 1846 Z.
166 1805 208 1843 2.
229 1796 278 1841 de

89 1860 305 1907 coelam.

91 1924 171 1970 60.
194 1924 224 1970 l.
247 1937 263 1967 1
276 1959 287 1969 .

94 1988 282 2035 Meteor.

399 66 482 135 '48⁶
860 79 882 90 *¹
1014 60 1262 129 Diphtherct
1278 59 1428 125 Jovii.
1635 114 1638 115 ⁷
2096 123 2102 126 ,

334 152 405 202 ad
424 150 656 201 Siderum
683 148 949 207 ordinem,
969 167 1242 202 numerum
1264 187 1277 207 ,
1306 149 1736 216 magnitudinem,
1760 148 2095 203 differentiam
2147 153 2154 160 “

338 215 583 265 humeros
604 214 939 270 contrahunt,
962 219 1012 266 ὃς
1037 211 1293 266 afinorum
1319 227 1535 280 pontem
1564 228 1759 264 tranare
1785 215 2006 280 primum
2026 219 2098 272 in-
2167 219 2177 237 ’”

340 281 532 343 cipiunt
546 311 559 332 ,
580 277 674 327 hos
694 279 882 328 occulti
900 279 969 327 nil
992 280 1138 327 lateat
1153 313 1165 333 ,
1187 280 1255 327 nil
1274 280 1430 343 fugiat
1449 279 1633 328 futuri?
1670 278 1768 328 vah
1791 281 1999 329 extremi
2017 282 2097 330 In-

341 342 471 405 genij
494 356 701 406 vappas,
725 344 775 391 δε
794 342 974 391 nullius
995 342 1183 399 consilii
1209 343 1419 405 pecora!
1455 344 1547 405 quis
1566 345 1677 388 enim
1702 355 1794 388 tam
1814 344 2017 401 patiens,
2038 345 2097 391 ὠ·
2140 386 2142 388 ,

336 405 534 465 ferreas,
555 418 604 451 nt
628 418 772 451 teneat
782 405 860 462 se?
895 404 977 454 sed
999 408 1115 467 quia
1143 406 1339 469 ipsimet
1366 403 1468 454 hoc
1493 404 1705 453 afferunt
1725 439 1738 459 ,
1769 401 1911 453 testes
1947 407 2100 455 omni

343 484 433 517 cxc
468 471 642 532 ptione
662 469 896 524 majores,
919 470 1062 530 quia,
1085 468 1140 516 ut
1165 468 1319 517 habet
1343 468 1696 533 proverbium,
1721 469 1844 515 velut
1871 468 2100 528 Astrologi

342 548 439 579 men
470 547 587 581 aces,
623 530 802 579 demus
825 564 837 584 ‚
869 530 1011 593 quod
1047 534 1097 581 δε
1128 532 1354 581 Arcades
1382 532 1624 580 Balaamo
1654 531 1988 596 prophetent,
2017 532 2102 580 de-
2172 553 2175 555 >

342 592 485 647 mus,
508 591 652 657 quod
673 593 1013 658 Diphtheram
1030 596 1172 652 Jovis
1191 597 1322 644 aerei
1352 607 1517 643 totam
1546 594 1763 657 denique
1788 593 2103 650 devorarint,

341 674 408 707 an
427 655 535 706 satis
555 657 659 705 hoc
680 659 794 712 erit,
824 657 887 707 ad
911 670 1070 712 certa,
1093 672 1203 722 quae
1227 658 1433 720 quidem
1462 656 1666 715 jaciant,
1697 659 1988 706 futurorum
2015 674 2101 706 au-

339 723 510 787 guria?
547 716 758 770 minime
781 723 1033 786 gentium:
1069 737 1191 770 nam
1222 722 1356 769 unde
1379 722 1470 770 illis
1504 733 1609 770 tam
1641 721 1962 770 adamantina
1992 723 2099 772 vin-

339 786 529 839 cula,ut
546 785 866 834 voluntatem
893 785 1103 833 liberam
1124 785 1187 834 ad
1200 781 1472 833 Astrorum
1496 784 1867 836 influxus,velut
1889 786 2097 833 Prome-

342 848 523 898 theum
552 848 615 896 ad
648 863 829 912 rupem
857 847 1066 897 Caucasi
1096 844 1429 910 adstringant?
1468 847 1617 894 „unde
1648 846 1976 910 telescopium
2007 848 2101 895 illis

335 924 450 963 tam
478 911 746 976 perspicax,
775 923 829 960 ut
868 911 1106 959 fortuitos
1132 909 1389 958 causarum
1418 909 1715 962 concursus,
1747 907 1776 957 ὲ
1803 909 1983 972 quibus
2016 909 2100 958 de-

341 976 567 1043 pendent
589 973 790 1023 effeetus
807 1007 818 1027 ,
841 989 951 1022 non
978 970 1144 1022 modo
1175 984 1315 1021 totos
1343 972 1659 1037 perspiciant,
1685 972 1763 1020 sed
1784 975 1936 1021 etiam
1955 988 2099 1022 com-

341 1038 684 1106 prehendant?
719 1052 840 1086 nam
862 1035 995 1101 finge
1017 1069 1030 1091 ,
1055 1038 1108 1085 in
1139 1037 1352 1101 Lyciaca
1380 1039 1510 1089 acie,
1541 1034 1710 1100 Pegasi
1742 1036 1937 1100 ungulae
1956 1069 1971 1089 ,
2003 1036 2101 1085 cla-

341 1119 470 1152 vum
500 1102 632 1151 male
658 1098 869 1150 infixum
895 1133 907 1155 ,
935 1099 1245 1149 claudicante
1275 1114 1410 1163 equo
1445 1099 1896 1164 Bellerophontem
1930 1102 2100 1148 conci-

340 1166 488 1220 dere,
523 1164 711 1214 turbari
742 1165 944 1214 ordines
967 1197 980 1219 ,
1011 1163 1282 1214 confusum
1311 1164 1510 1213 devinci
1538 1165 1839 1217 exercitum,
1861 1159 2033 1212 vastari
2070 1161 2099 1213 ὲ

340 1230 535 1279 vistore
556 1230 838 1293 provincias
854 1264 864 1280 ‚
887 1230 1345 1280 &innumerorum
1364 1227 1638 1277 hominum
1661 1226 1890 1276 fortunas
1913 1228 2095 1275 everti:

340 1293 480 1343 unde
496 1326 508 1346 ,
528 1293 694 1356 quaeso
715 1326 728 1347 ,
750 1308 809 1341 ex
829 1290 986 1342 Astris
1013 1293 1312 1357 prospicient
1341 1292 1587 1340 sexcentas
1617 1289 1864 1348 ejusmodi
1888 1291 2100 1338 circum-

341 1354 555 1410 stantias,
580 1371 795 1419 quarum
815 1358 960 1406 unica
980 1371 1090 1405 non
1112 1353 1228 1405 raro
1257 1368 1422 1404 totam
1452 1354 1708 1420 perturbat
1730 1352 2001 1403 effestuum
2031 1353 2099 1400 se-

340 1422 468 1470 riem
491 1422 506 1468 i
543 1421 677 1469 unde
700 1420 866 1469 unde?
902 1420 1084 1469 dicant,
1109 1418 1145 1467 si
1163 1418 1390 1484 poss'unt,
1415 1418 1494 1466 sed
1515 1418 1690 1472 verba,
1709 1431 1858 1468 more
1876 1415 1967 1466 suo
1986 1431 2098 1466 non

342 1483 584 1536 vendant,
613 1496 684 1538 ut,
707 1496 879 1533 totum
900 1482 1022 1532 cum
1047 1484 1258 1532 dixerint
1273 1516 1285 1536 ,
1302 1482 1469 1531 dicant
1496 1481 1635 1531 nihil.

465 1547 664 1598 LEUC:
735 1548 863 1596 Non
887 1549 1096 1595 inaniter
1112 1547 1294 1610 premis
1319 1564 1330 1593 ε
1367 1546 1554 1594 cedunt
1577 1545 1840 1608 equidem,
1875 1544 2098 1594 necdum

338 1623 512 1660 tamen
531 1608 681 1674 plen-3.
699 1607 817 1672 fuga
836 1609 1094 1656 recedunt.
1193 1610 1452 1672 Suppetias
1474 1609 1641 1658 ferunt
1659 1611 1755 1672 ipsa
1766 1609 2098 1672 impedimen·
2170 1628 2177 1630 >

339 1686 390 1723 ta
404 1675 754 1734 Antiquitatis:
792 1669 1284 1722 immemorabilem,
1304 1671 1488 1724 nescio,
1503 1672 1638 1726 cujus
1652 1672 1959 1734 experientiae
1981 1686 2099 1734 prae-
2146 1676 2158 1679 ”

337 1737 659 1801 scriptionem
683 1735 920 1798 allegant,
944 1748 1042 1795 qua
1064 1734 1107 1782 se
1128 1736 1179 1782 in
1196 1732 1535 1798 Philosophici
1548 1733 1645 1782 fori
1664 1732 1961 1797 poss'ess'ione
1971 1734 2098 1782 tueri

338 1801 578 1864 satagunt.
623 1799 969 1862 AEgyptiacam
988 1798 1224 1848 Gentem,
1242 1793 1362 1844 teste
1374 1796 1704 1860 Philosopho,
1726 1797 1969 1845 Gentium
1984 1811 2098 1852 orn-
2156 1792 2173 1799 ⁷

337 1868 482 1913 nium
493 1861 897 1925 antiquifflmam,
919 1862 969 1909 ὃ(
983 1858 1269 1909 Matheseos
1291 1859 1353 1908 ad
1364 1856 1729 1923 superstitiones
1744 1856 2098 1922 usquestudio-
2173 1859 2177 1862 “

338 1926 466 1981 sam,
489 1923 794 1988 Astrologiae
817 1922 977 1972 finon
999 1935 1285 1987 parentem,
1329 1920 1462 1971 certe
1485 1920 1806 1972 obstetricem
1823 1921 1917 1970 effe
1937 1922 2098 1987 perhi-
2145 1948 2149 1950 -

339 1992 461 2042 bent
487 2008 497 2037 :
545 1990 829 2038 Nationem
851 1985 974 2034 vero
1005 1986 1333 2035 Chaldaicam
1353 1985 1484 2036 adeo
1504 1986 1722 2036 sedulam
1742 1988 2014 2045 nutricem,
2045 1984 2121 2035 ut'

338 2052 771 2104 observationibus
804 2050 1186 2113 propemodum
1214 2049 1413 2098 infinitis
1441 2085 1453 2100 ,
1493 2050 1661 2097 erectis
1689 2048 1790 2097 sine
1817 2047 1917 2096 fine
1939 2048 2097 2097 horo-

340 2117 520 2181 scopis,
544 2130 630 2179 per
648 2113 1013 2177 quadringenta
1037 2112 1277 2168 omnino,
1301 2116 1350 2163 &
1375 2112 1700 2176 quadraginta
1720 2127 1975 2162 annorum
1990 2110 2099 2162 mil-

338 2183 404 2231 lia
423 2180 635 2229 coluerit
655 2178 845 2241 semper
859 2210 870 2230 ,
895 2179 946 2226 ὃς
964 2177 1264 2230 excoluerit,
1286 2172 1504 2239 equibus
1526 2177 1873 2239 experimentis
1887 2207 1900 2230 ,
1922 2190 2007 2239 per
2017 2186 2110 2224 tot·

335 2259 507 2294 rerum
525 2254 732 2290 eventi-is
754 2238 1120 2305 probatiffimiS,
1133 2240 1231 2289 Ars
1246 2236 1332 2289 ista
1352 2239 1570 2302 denique
1587 2238 1814 2293 collecta,
1834 2253 1892 2287 ac
1908 2238 1970 2286 ad
1983 2254 2099 2287 mo-

335 2307 552 2355 dernum
575 2303 786 2353 dedusta
807 2306 1018 2367 apicem.
1130 2305 1286 2350 MEL:
1354 2303 1515 2351 Serius
1535 2318 1610 2356 es,
1646 2301 1791 2365 quod
1814 2299 1900 2350 ista
1919 2314 1974 2350 tu
1993 2301 2095 2350 fine

340 2370 460 2420 risu:
499 2369 607 2430 quis
625 2383 733 2416 non
757 2364 993 2430 stupescat
1012 2365 1382 2430 Chronologos
1402 2367 1543 2430 supra
1564 2377 1762 2414 aetatem
1788 2365 1967 2414 mundi
1992 2380 2098 2414 eru-

341 2432 502 2483 ditos?
539 2445 672 2477 ceras
696 2430 803 2492 quis
829 2445 937 2478 non
965 2431 1197 2484 miretur,
1230 2431 1283 2477 in
1307 2425 1817 2493 AstrologicaStirpe,
1837 2425 1968 2478 adeo
1988 2428 2098 2476 fuli-

341 2494 561 2565 ginosas,
588 2496 637 2546 ὅ(
652 2492 874 2543 nobiles?
890 2494 998 2557 quis
1021 2508 1131 2544 non
1155 2493 1313 2549 videt,
1334 2492 1421 2563 nisi
1440 2490 1644 2560 stipes&
1659 2491 1849 2542 caudex
1861 2490 2097 2602 singlum-

1976 2568 2027 2605 C.
