2177 2905
133 2289 252 2338 Idem
265 2282 295 2330 l.
310 2298 343 2329 c.

427 94 516 142 160
752 107 774 145 x
1024 88 1221 139 Ariadne
1243 86 1432 151 Physica.

484 181 684 234 LEUC:
754 177 833 233 Est
863 196 1049 248 nempe
1077 184 1307 233 inimicus
1337 182 1532 236 homo,
1559 183 1645 245 qui
1679 182 1731 231 in
1755 182 1988 234 naturalis
2010 184 2122 235 Ma-

357 249 448 311 giae
471 247 717 310 plantario
736 261 846 294 non
867 244 980 296 raro
1004 247 1388 312 superseminare
1411 244 1536 294 solet
1559 248 1779 296 Zizania.
1881 247 2012 297 Illud
2033 263 2121 297 me

354 307 542 364 modo,
566 325 763 374 precor,
791 309 1032 364 edoceas,
1058 326 1291 373 quaenam
1312 312 1362 358 in
1383 308 1594 359 homine
1622 312 1749 360 mira
1769 323 2007 374 operetur
2019 312 2124 362 Na-

355 386 489 427 tura,
520 387 574 423 ut
602 372 808 437 ipsemet
840 373 1009 422 homo
1036 376 1117 422 illa
1145 372 1410 437 stupescat,
1433 373 1571 422 velut
1606 375 1854 423 Miracula
1877 376 1894 423 ἒ
1960 376 2118 422 MEL:

354 437 539 487 Homo
562 440 716 487 totius
741 439 945 486 Naturae
969 438 1365 501 compendium,
1407 436 1528 499 quid
1556 441 1744 486 mirum
1775 437 1809 486 fi
1848 437 1905 486 sit
1936 439 2116 502 Magiae

356 501 588 549 naturalis
611 503 837 563 epitome
859 502 878 547 ,ἒ
912 500 1114 564 seligam
1139 499 1331 549 curiosa
1353 498 1512 564 magis
1533 533 1545 554 ,
1572 504 1621 551 δε
1648 503 1842 565 aptiora
1862 501 2116 555 discursui,

359 579 587 627 quorum
610 563 813 627 analyiis
837 563 1051 629 physica,
1073 565 1151 614 vel
1174 563 1350 629 sponte
1370 563 1492 613 fluet
1514 579 1570 614 ex
1595 565 1749 618 dietis,
1771 566 1852 614 vel
1873 561 2016 614 facile
2038 564 2121 614 da-

359 627 492 676 bitur
518 642 574 675 ex
598 626 835 676 dicendis,
904 643 933 676 a
966 628 1116 676 Solus
1138 630 1265 677 inter
1297 628 1529 676 animalia
1558 627 1725 677 homo
1759 627 1974 678 fulmine
2008 643 2120 677 non

359 691 551 755 semper
576 691 892 753 extinguitur,
914 703 1088 739 caetera
1107 690 1274 743 illico3
1310 691 1446 740 hunc
1466 706 1653 756 nempe
1684 690 1945 740 honorem
1970 690 2117 740 homi

360 757 410 802 ni
429 755 678 804 tribuente
693 752 906 805 Natura,
927 753 1045 802 eum
1066 766 1144 802 tot
1166 754 1340 803 belluae
1367 754 1551 802 viribus
1573 755 1888 802 antecellant.
1927 755 1958 803 b
1994 757 2122 804 Nul-

361 818 470 866 lum
489 818 674 866 animal
694 818 974 881 lacrymans
993 818 1219 871 nascitur,
1243 830 1417 883 praeter
1441 817 1728 868 hominem,
1755 820 1840 879 qui
1867 829 1979 865 ante
2003 832 2122 878 qua-

365 880 701 946 dragesimum
723 880 860 929 diem
887 896 997 928 non
1026 881 1168 934 ridet,
1186 893 1240 928 ut
1262 881 1444 931 videas,
1464 895 1569 926 rara
1596 877 1689 926 efl'e
1710 879 1984 928 hominum
2004 894 2122 943 gau-

364 944 471 999 dia,
502 959 728 1008 quorum
758 946 981 1008 primum
1008 956 1088 991 tot
1116 944 1345 1005 lacrymis
1374 943 1547 990 licitari
1574 941 1699 990 solet
1719 945 1928 992 Natura.
1999 960 2026 993 c
2061 945 2120 992 In

357 1010 713 1074 Septentrione
745 1006 880 1056 haud
907 1007 1086 1069 procul
1114 1006 1176 1056 ab
1207 1006 1312 1071 ipso
1341 1005 1615 1068 Aquilonis
1657 1019 1836 1056 exortu
1873 1006 2122 1071 Arimaspi

359 1073 596 1123 homines
622 1073 958 1134 reperiuntur,
992 1085 1098 1118 uno
1127 1068 1328 1118 tantum
1353 1071 1403 1117 in
1427 1069 1598 1117 fronte
1620 1071 1807 1119 oculo:
1844 1070 1974 1119 bella
1996 1085 2117 1120 cum

364 1134 580 1200 Gryphis
603 1146 806 1198 gerunt,
831 1135 935 1182 auri
958 1130 1265 1183 custodibus
1337 1133 1368 1181 d
1420 1134 1477 1181 In
1507 1132 1727 1182 Albania
1758 1136 1859 1182 nati
1894 1134 2120 1183 feruntur

364 1201 569 1264 quidam
588 1231 599 1250 ,
621 1194 798 1262 glauca
827 1197 1100 1246 oculorum
1123 1200 1253 1251 acie,
1279 1195 1305 1245 ὲ
1335 1198 1541 1261 pueritia
1569 1193 1732 1245 statim
1765 1199 1903 1251 cani,
1926 1193 2117 1260 quique

324 1282 333 1292 ·
364 1265 522 1314 nocht
551 1263 674 1326 plus,
689 1262 844 1324 quam
873 1261 1089 1310 interdiu
1122 1273 1344 1309 cernant.
1413 1275 1441 1307 e
1486 1261 1622 1309 Gens
1653 1262 1705 1308 in
1735 1260 1910 1309 Africa
1938 1261 2122 1316 Psvllo-

365 1343 479 1377 rum
499 1327 609 1379 fuit,
634 1324 805 1390 postea
825 1324 851 1373 a
871 1324 1242 1374 Nasamonibus
1266 1324 1445 1376 deleta,
1459 1339 1569 1386 quae
1589 1323 1852 1387 serpentes,
1870 1324 1981 1373 solo
1998 1317 2117 1373 ‘cor-

361 1406 549 1458 porum
568 1390 754 1443 odore,
777 1392 826 1440 &
848 1389 1006 1451 sopire
1029 1401 1244 1452 poterat,
1260 1391 1310 1438 δε
1333 1388 1529 1452 fugare:
1565 1384 1862 1452 agnitusque
1881 1384 1951 1436 est
1971 1384 2120 1436 instar

360 1455 526 1521 spurii,
549 1469 705 1517 quem
727 1466 836 1501 non
857 1449 1018 1500 subito
1040 1452 1280 1501 horrebat
1306 1450 1515 1515 serpens.
1603 1448 1718 1500 lmo
1742 1452 2010 1514 plerosque
2023 1446 2123 1500 ho·-

361 1523 522 1570 mines
549 1519 814 1566 inimicum
838 1516 1044 1580 serpenti
1063 1518 1200 1573 *virus
1222 1517 1351 1563 alere
1368 1514 1576 1565 Author
1596 1511 1664 1563 est
1684 1515 1896 1566 Pliniuss
1922 1524 1925 1525 ’
1947 1514 1976 1563 f
2001 1529 2120 1563 nam

363 1579 510 1631 saliva
543 1581 679 1629 velut
709 1577 838 1640 aqua
866 1579 1158 1631 ebulliente,
1188 1578 1459 1631 laeduntur,
1484 1594 1539 1626 ac
1572 1578 1605 1626 fi
1629 1593 1685 1626 ea
1719 1578 1868 1636 jejuni
1894 1578 2141 1636 hominis⁴

363 1645 539 1697 fuerit,
565 1658 620 1690 ac
644 1646 975 1705 penetraverit
1002 1643 1193 1694 fauces,
1215 1639 1350 1689 illico
1384 1642 1662 1704 serpentem
1690 1654 1850 1689 necat.
1950 1638 2032 1689 Est
2051 1653 2121 1688 ta-

364 1723 486 1759 men
515 1708 710 1770 aliquos
739 1706 977 1767 reperire,
999 1707 1085 1768 qui
1116 1706 1247 1754 virus
1272 1703 1482 1768 serpenti
1515 1718 1726 1766 quoque
1753 1703 2122 1767 sympathicum

305 1801 316 1813 ·
365 1772 606 1823 nutriunt.
674 1784 706 1832 g
758 1770 897 1818 Nam
920 1767 1153 1816 homines
1177 1767 1467 1832 Ophigenes
1487 1767 1653 1816 videas
1680 1770 1730 1816 in
1750 1767 1909 1816 Insula
1924 1767 2118 1831 Cypr0‚

368 1833 503 1899 quia
528 1831 829 1897 serpentibus
855 1830 964 1880 laedi
988 1844 1273 1892 nequeunt:
1327 1827 1436 1878 imo
1459 1832 1608 1877 etiam
1643 1829 1778 1878 laesos
1808 1830 1918 1879 solo
1947 1841 2122 1878 conta-

370 1902 454 1950 &tu
476 1898 670 1947 levant.-
716 1897 785 1943 rei
805 1906 907 1942 tam
933 1895 1194 1958 paradoxae
1218 1893 1465 1957 specimen
1488 1892 1609 1941 vidit
1622 1895 1812 1943 Roma,
1837 1892 1958 1942 cum
1983 1908 2041 1941 ex
2065 1892 2123 1940 il-

367 1966 541 2014 lorum
569 1958 770 2009 Familia
788 1959 1002 2021 Legatus
1019 1990 1032 2011 ,
1053 1954 1304 2006 Estaclion
1328 1959 1557 2011 nomine,
1584 1958 1634 2005 in
1647 1957 1905 2021 Capitolio
1926 1956 1972 2005 se
1993 1953 2125 2004 stitis-

369 2029 461 2077 set:
492 2040 610 2074 nam
629 2023 843 2072 veritatis
864 2020 1179 2086 explorandae
1192 2019 1364 2085 gratia,
1380 2020 1522 2068 dolio
1544 2019 1845 2084 serpentibus
1858 2019 2124 2084 pleno,ubi

368 2091 463 2141 fuit
491 2084 730 2138 immiffus
747 2118 759 2139 ,
777 2099 901 2133 mox
924 2096 1168 2136 venenata
1190 2084 1430 2134 colluvies
1449 2116 1462 2137 ,
1495 2085 1665 2133 amicis
1690 2085 1913 2132 amicum
1936 2081 2123 2131 blandi-

368 2155 459 2210 tiis,
476 2148 904 2212 circumlingebat.
973 2150 1031 2196 In
1046 2147 1219 2197 Africa
1242 2147 1450 2196 familias
1472 2146 1682 2210 legimus
1706 2144 2122 2198 effascinantiums

369 2233 490 2266 nam
514 2225 702 2263 nocent
722 2211 1003 2260 laudando:
1056 2213 1308 2260 intereunt
1343 2209 1402 2258 ab
1431 2210 1521 2258 illis
1550 2210 1786 2274 probata,
1806 2209 2030 2258 arescunt
2049 2223 2121 2256 ar-

372 2281 544 2331 bores,
569 2278 886 2325 emoriuntur
906 2275 1134 2323 infantes.
1213 2275 1361 2324 Alios
1377 2275 1429 2321 in
1448 2273 1635 2336 Illyriis,
1660 2276 1709 2324 ὃς
1729 2273 1957 2323 Triballis
1981 2286 2126 2320 com-

376 2345 618 2409 perimus,
674 2341 760 2400 qui
792 2338 966 2388 fixiore
992 2338 1184 2402 aspefitu
1210 2338 1518 2394 interimunt,
1538 2349 1658 2386 tunc
1680 2333 2122 2402 praecipue,quan-

379 2407 449 2455 do
469 2405 604 2455 oculi
634 2418 731 2468 pra*
754 2402 1007 2451 iracundia
1034 2403 1325 2452 scintillant:
1415 2402 1465 2448 in
1488 2401 1729 2450 alterutro
1764 2402 1879 2462 equi
1907 2398 2125 2464 effigiem

378 2470 571 2519 ferunt,
604 2468 716 2516 &in
740 2477 957 2527 utroque
975 2469 1233 2529 geminam
1257 2463 1494 2529 pupillam
1516 2482 1526 2512 :
1548 2464 1598 2512 id
1611 2463 1753 2527 quod
1776 2459 1987 2512 minime
2017 2475 2124 2511 ver-

377 2532 478 2590 bis,
499 2525 655 2584 solive
681 2527 919 2594 aspectui,
942 2528 1023 2579 sed
1043 2527 1791 2595 contagiosis‘corpusculorum
1817 2524 2035 2638 effltffliis·
2052 2518 2121 2572 est

1887 2605 1915 2639 a
1971 2602 2059 2637 cri-
