2160 2916
605 111 741 174 Scylla
772 121 902 181 atque
935 110 1175 177 Charybdh.
1630 127 1719 175 105

26 218 204 259 careo:
239 203 387 272 saepe,
424 218 476 253 er
495 203 758 255 transitum
789 205 1042 262 ausculto,
1068 209 1118 256 ὃς
1148 205 1325 255 ultima
1355 205 1498 256 furor
1528 203 1793 259 clamantis*

28 271 207 320 verba:
244 269 362 319 hinc
404 283 618 318 ermone
637 266 772 319 male
797 282 1028 335 accepto,
1043 267 1179 335 pejus
1200 270 1435 320 mutilato
1451 304 1464 326 ‚
1483 266 1792 336 pessimeque

28 334 228 386 inverso
261 331 383 399 saepe
401 331 576 382 ludere
597 331 756 384 suevi,
778 344 930 396 atque
950 333 1176 382 illudere.
1261 333 1378 392 Castu
1397 336 1498 381 vita
1520 333 1554 383 fi
1585 333 1706 385 scire
1724 329 1795 382 est

29 399 251 457 animus,
282 397 557 445 innumeris
579 395 690 444 sum
717 394 958 453 subjecta:
995 411 1117 445 nam
1136 395 1258 461 saepe
1279 397 1451 446 incido
1470 399 1521 445 in
1540 411 1795 451 cavernas,

32 475 172 510 nunc
195 476 252 508 ru
288 459 398 507 ibus
419 457 630 513 allidor,
653 473 791 508 nunc
825 474 913 524 per
938 458 1046 509 saxa
1072 461 1378 524 praecipitor:
1423 459 1507 508 sed
1541 475 1650 522 quae
1682 474 1798 510 mea

32 521 104 573 est
134 526 187 572 in
221 524 258 572 il
283 521 376 571 hac
405 521 695 573 infelicitate
727 522 960 571 felicitas:
1022 521 1146 571 cum
1186 525 1315 571 inter
1347 523 1499 572 filices
1534 523 1794 573 confra&a

31 599 222 636 corruo
243 618 258 641 ,
287 584 430 633 illaesa
462 584 641 649 surgo:
696 583 817 634 esim
849 586 974 633 intet
1010 597 1172 650 petras
1210 585 1429 651 percussa
1457 588 1655 650 quatior
1679 622 1692 637 ‚
1729 587 1801 635 nil

33 648 361 700 incommodi
378 649 541 714 patior
574 665 584 696 :
622 646 742 697 cum
764 647 988 697 cautibus
1013 660 1240 697 truncata
1276 648 1454 699 diffilio
1478 683 1492 704 ‚
1525 652 1714 715 integra
1733 661 1801 699 ta-

28 728 153 762 men
185 726 494 777 permaneo:
546 708 656 760 imo
681 744 694 765 ,
730 710 891 759 fraffis
923 712 1054 760 inter
1087 711 1320 776 scopulos
1355 712 1567 767 viribus,
1598 712 1802 762 resumo

30 778 187 825 vires:
234 777 362 823 inter
383 774 488 823 saxa
513 773 638 823 dum
670 776 871 823 morior
895 807 908 829 ‚
945 776 1086 823 orior
1118 808 1131 829 ‚
1169 779 1220 826 δε
1258 777 1310 824 in
1344 788 1423 824 tot
1449 775 1639 826 casibus
1675 791 1802 825 nun-

30 854 189 902 quam
210 837 404 902 penitus
431 837 654 886 concido
670 870 683 891 ‚
718 836 799 885 sed
823 837 1045 887 rediviva
1072 837 1265 903 semper
1288 854 1374 905 per
1402 841 1631 888 iteratam
1653 837 1802 904 surgo

35 899 289 955 anastafin.
358 905 431 948 De
453 899 698 948 Virtutibus
717 902 968 950 rationem
989 900 1024 948 si
1045 904 1204 965 petitis
1222 935 1236 957 ‚
1272 918 1381 951 non
1400 918 1485 951 me
1507 903 1687 952 laudo:
1707 905 1801 953 vir-

35 977 198 1014 tutem
218 963 302 1013 etsi
322 964 516 1012 nullam
543 962 807 1018 haberem,
842 965 1015 1012 saltem
1039 967 1261 1014 facerent
1283 966 1448 1020 Zoili,
1486 977 1541 1015 ut
1558 965 1802 1014 haberem

39 1040 120 1077 tot
153 1030 281 1077 inter
325 1026 600 1091 opprobria
636 1028 942 1091 patientiam.
1053 1030 1208 1078 Nunc
1236 1030 1462 1089 garrulam
1489 1030 1799 1078 calumnian-

35 1105 117 1140 tur
137 1124 150 1146 ‚
185 1103 298 1141 utut
316 1090 497 1152 loquar
509 1104 801 1152 nunquam,
829 1088 917 1138 nifi
944 1090 1167 1153 quaesita:
1196 1103 1454 1152 protervam
1475 1092 1649 1142 dicunt
1670 1125 1683 1147 ,
1715 1090 1802 1142 etsi

35 1155 127 1205 fari
148 1168 412 1216 nunquam
448 1152 664 1202 audeam
691 1154 850 1217 prima
879 1165 891 1201 z
925 1153 1222 1212 vagabundam
1254 1154 1467 1204 asserunt
1488 1189 1501 1210 ‚
1538 1167 1650 1205 utut
1682 1156 1802 1204 late-

39 1218 149 1267 bras
168 1232 338 1267 amem
362 1251 374 1267 ‚
408 1231 503 1265 nec
533 1215 621 1264 nisi
659 1216 871 1265 solitaria
895 1215 1078 1280 degam
1110 1219 1162 1266 in
1194 1216 1432 1283 speluncis
1458 1236 1469 1266 :
1517 1220 1803 1280 impudentem

39 1282 357 1346 proclamant
382 1312 395 1333 ,
432 1277 516 1326 etsi
537 1279 737 1327 nullum
765 1294 992 1341 unquam
1021 1279 1250 1344 aspiciam
1284 1314 1296 1336 ‚
1331 1297 1427 1330 nec
1458 1280 1550 1331 sim
1573 1288 1803 1344 unquam

39 1344 103 1393 ab
132 1343 239 1392 ullo
258 1341 381 1391 visa:
418 1344 618 1388 tetricam
639 1343 964 1390 criminantur
985 1376 998 1398 ‚
1023 1339 1137 1392 licet
1162 1343 1502 1395 ludibundum
1520 1356 1705 1395 naturae
1729 1345 1802 1402 jo-

38 1422 159 1455 cum
185 1442 197 1457 ,
234 1399 594 1467 jocante'mque
610 1404 792 1453 ludum
815 1437 828 1458 ‚
863 1419 1129 1469 nunquam
1157 1422 1266 1455 non
1290 1407 1504 1472 satagam
1531 1441 1544 1462 ‚
1579 1409 1805 1457 mortali-

40 1470 131 1519 bus
154 1483 237 1518 me
264 1466 496 1517 exhibere
518 1483 529 1514 :
573 1477 720 1516 taceo
740 1464 1239 1531 scommata,quibus
1256 1485 1342 1518 me
1370 1469 1622 1521 exsibilant
1649 1471 1806 1521 veluti

44 1530 302 1598 strepitum
331 1530 591 1580 volantem
619 1562 633 1584 ‚
669 1525 999 1594 fragilemque
1026 1544 1300 1581 ventorum
1330 1534 1550 1597 praedam
1576 1552 1585 1582 :
1624 1534 1803 1597 quibus

40 1611 128 1645 me
152 1595 489 1658 contemptim
514 1591 768 1642 exsufflant
787 1594 942 1642 veluti
963 1595 1153 1644 nubem
1174 1593 1478 1649 instabilem,
1501 1598 1669 1648 levem
1685 1613 1806 1648 ven-

39 1672 170 1712 tum,
190 1659 396 1706 inanem
425 1655 601 1705 flatum
617 1689 628 1710 ‚
653 1656 889 1706 umbram
906 1690 919 1711 ‚
952 1661 1001 1708 &
1022 1658 1254 1708 nihilum.
1343 1661 1465 1709 Haec
1504 1659 1627 1710 [ileo
1647 1694 1660 1716 ‚
1681 1675 1803 1709 nam

41 1720 239 1770 dudum
270 1718 452 1769 assuevi
471 1719 715 1777 ludibrij83
730 1719 803 1768 his
824 1735 996 1770 meam
1017 1721 1184 1771 debeo
1206 1723 1668 1789 metamorphofin:
1684 1738 1807 1773 nam

41 1786 137 1832 vidi
155 1817 169 1839 ,
194 1783 274 1843 arfi
293 1818 307 1835 ‚
339 1781 474 1842 flevi,
511 1771 754 1846 nullamque
782 1782 1006 1842 heufata!
1040 1786 1240 1846 repulsam
1255 1788 1398 1849 spreta
1419 1789 1504 1834 tuli
1536 1823 1550 1839 ,
1576 1788 1672 1846 jum
1699 1799 1805 1833 nunc
1833 1778 2044 1829 Sandzaer.

42 1865 146 1908 vox,
160 1848 302 1904 fimus,
325 1862 446 1897 aura,
471 1847 596 1894 nihil.
675 1847 807 1895 Fecit
830 1861 952 1911 ergo
967 1861 1315 1913 contemptus,
1331 1862 1385 1897 ut
1412 1849 1521 1904 fim,
1537 1865 1647 1912 quae
1668 1850 1802 1899 sum:
1903 1905 1911 1913 ,

43 1909 167 1961 absit
200 1909 428 1967 jactantia
460 1906 484 1964 <
506 1923 627 1957 nam
652 1923 801 1957 more
823 1924 946 1958 meo
969 1911 1121 1959 relata
1142 1911 1311 1960 refero
1334 1909 1356 1967 )
1393 1914 1660 1959 Miraculum
1681 1925 1806 1959 natu·
1834 1904 1953 1953 plzn.
1983 1904 2015 1951 l·

43 1989 124 2021 rae:
160 1988 269 2022 non
300 1987 423 2037 ergo
450 1971 598 2020 faciet
626 1977 966 2034 contemptus,
989 1985 1127 2022 utne
1154 1974 1457 2022 miraculum
1476 1975 1803 2039 perseverem.
1841 1969 1914 2026 36·
1928 1975 2048 2024 6015·

171 2038 326 2083 MEL:
396 2035 527 2085 Facit
546 2034 689 2083 Echo
723 2050 781 2083 ex
801 2034 961 2083 nihilo
988 2036 1174 2098 aliquid
1190 2069 1204 2091 ‚
1230 2036 1333 2085 hoc
1355 2037 1461 2102 ipso
1491 2054 1624 2093 reor,
1643 2036 1804 2102 quod,

49 2096 289 2150 Aurhore
312 2099 493 2152 Plinio,
516 2097 608 2147 sese
632 2099 780 2147 faciat
806 2100 1107 2148 miraculum
1123 2111 1324 2149 naturae.
1426 2103 1479 2150 N
1483 2116 1540 2150 ec
1562 2116 1658 2165 ego
1689 2100 1808 2150 huic

50 2161 212 2211 nihilo
231 2160 353 2209 nihil
380 2159 706 2210 concefferim
729 2178 739 2209 ι
784 2161 1130 2226 prodigiosum
1159 2161 1289 2213 adeo
1313 2163 1476 2212 fateor
1501 2198 1515 2218 ‚
1546 2165 1710 2214 utillo
1740 2165 1809 2214 nil

51 2223 322 2272 mirabilius
342 2222 558 2272 habeant
575 2240 731 2273 aures.
799 2226 1134 2289 Percepimus,
1160 2226 1280 2289 quid
1300 2226 1443 2275 Echo
1467 2228 1638 2276 sentiat
1666 2227 1728 2276 de
1763 2228 1809 2276 se

51 2287 176 2352 ipsa,
203 2285 388 2343 judicio
411 2286 763 2352 philosophico
786 2287 885 2345 jam
908 2287 1200 2337 decidemus
1233 2322 1247 2343 ,
1285 2290 1346 2338 de
1369 2290 1451 2338 illa
1485 2290 1607 2353 quid
1640 2291 1809 2339 sentia-

2 2377 4 2382 .
51 2365 183 2399 mus.
251 2349 300 2397 Si
329 2350 381 2397 in
404 2364 634 2415 pugnum
653 2350 997 2399 contrahimus
1014 2383 1026 2404 ‚
1051 2366 1160 2413 quae
1182 2352 1288 2403 illa,
1312 2353 1670 2418 Nympharum
1698 2369 1811 2402 mo-

53 2429 106 2462 re
123 2446 134 2466 ‚
155 2428 241 2478 per
268 2412 557 2476 longiorem
579 2413 915 2478 pamphi-alin,
936 2413 1188 2478 apparebit
1205 2447 1218 2469 ‚
1241 2415 1310 2463 nil
1332 2416 1464 2465 aliud
1491 2416 1609 2468 effe,
1634 2416 1721 2465 nifi
1741 2421 1812 2462 So-

2 2483 5 2499 ¹
53 2493 153 2523 num
187 2472 390 2534 reflexum
425 2510 439 2526 ‚
475 2492 621 2522 vocem
650 2479 936 2537 reciprocam,
974 2480 1030 2524 (Φ
1059 2476 1344 2538 repercuffam.
1401 2480 1500 2528 Sed
1535 2495 1634 2543 qua
1662 2481 1811 2528 ratio-

4 2579 5 2585 ,
56 2555 120 2592 ne
142 2573 154 2595 ,
175 2535 454 2604 quibusque
470 2536 845 2605 circumstantiis
864 2538 1142 2654 regestatur
1166 2538 1248 2594 hic
1268 2541 1417 2595 sonus
1433 2575 1447 2598 ‚
1482 2543 1583 2591 ade&
1602 2541 1656 2615 esst
1675 2546 1812 2602 incog-

1575 2618 1745 2657 mrum,
