2132 2916
354 93 446 150 128
929 86 1107 150 Virgula
1140 87 1362 156 Morphei}
2102 0 2132 179 Ὶξ

282 183 507 253 synciput
526 219 539 241 ,
575 184 838 235 memoriae
869 186 1112 250 occiput:
1151 199 1214 233 an
1235 183 1366 231 bene
1391 216 1406 239 ,
1441 181 1659 234 viderint
1683 183 2036 243 Anatomistae,
2070 195 2073 201 “

278 251 380 301 Sed
409 252 751 314 relinquamus
771 250 960 297 incerta
985 255 998 303 ',
1035 247 1098 297 ad
1126 248 1342 302 certiora
1364 281 1377 303 ,
1414 247 1548 297 unde
1570 264 1659 315 per
1682 250 1917 315 ambages
1935 251 2039 307 sen·
2126 241 2132 254 ⁵

278 315 370 364 fim
392 314 560 363 sumus
585 311 794 376 delapsi,
824 312 925 371 jam
949 324 1274 362 revertamur.
1841 319 1845 322 ’

438 377 638 428 LEUC:
705 378 842 426 Bene
863 389 1062 428 mones,
1084 390 1204 422 nam
1227 389 1284 422 ex
1309 372 1447 422 dietis
1467 374 1679 438 apertius
1699 375 1948 432 iamlucet
1967 377 2041 426 lu-

278 457 419 495 men,
443 440 587 503 quod
610 439 838 491 accendit
863 437 1196 501 Philosophus
1211 470 1223 490 ,
1248 436 1373 485 dum
1392 436 1631 489 somnum
1644 439 1789 491 dixit:
1818 440 2043 501 paffionem

271 505 415 563 sensas
434 507 677 555 commanis,
743 501 844 555 Sed
866 500 1022 564 quod}
1035 500 1299 549 discrimen
1320 500 1422 557 jam
1442 501 1578 549 dabit
1609 502 1888 566 deliquium
1912 505 2043 552 inter

282 571 335 618 ὅ(
361 567 633 620 somnum?
701 567 858 611 MEL:
884 568 891 571 ’
926 563 1038 620 Ejus
1058 561 1181 612 loeo
1208 563 1257 611 id
1275 561 1477 627 assignat
1498 579 1801 614 arcanorum
1828 564 2043 630 peritissi-
2115 602 2132 612 .

35 636 251 702 Q„est.49
279 647 394 687 mus
414 631 594 679 arbiter
612 662 625 684 ,
647 644 704 676 ac
724 630 961 691 interpres
986 628 1195 676 Maurus
1211 660 1223 680 ,
1251 626 1370 674 cum
1385 623 1898 693 ePhilosophimente
1912 629 2045 678 som·
2121 649 2132 663 ⁴

279 710 408 745 num
434 694 578 746 dicit,
615 693 798 751 ligamen-
811 690 945 748 serffis
970 723 983 744 ,
1018 690 1101 741 sed
1126 689 1189 738 eo
1213 689 1314 738 fine
1334 722 1347 743 ,
1378 702 1427 736 ut
1448 691 1622 752 spiritm
1650 703 1937 751 reparentur:
1972 691 2040 744 id,

279 757 426 821 quod
445 757 670 818 deliquio
698 755 851 819 aptari
873 755 1061 818 nequit.
1131 754 1399 816 Contingit
1420 755 1566 818 igitur
1589 754 1812 807 somnus,
1834 754 2045 816 quando

279 823 458 885 ligatur
481 819 639 868 sensus
661 820 895 869 interior,
917 816 1125 879 quando
1156 816 1344 880 spiritus
1366 818 1700 865 internuntios
1741 817 1959 872 inhibet,
1980 832 2046 866 ne

279 888 388 938 vim
419 882 698 939 sensitivam
730 878 1034 935 ministrent,
1054 880 1262 942 quando
1293 882 1503 928 externis
1528 880 1741 933 ¹sensibus
1770 880 1944 928 indicit
1975 880 2047 934 fe-

280 950 373 998 rias
390 981 403 1002 ,
425 946 708 1011 reparandis
735 944 973 1009 spiritibus
991 954 1320 1008 opportunas.
1390 944 1555 1006 Ligari
1581 955 1751 993 autem
1782 942 1941 991 senfiis
1973 942 2045 992 so-

281 1012 352 1061 let
374 1011 584 1059 interior
606 1044 619 1060 ,
644 1007 671 1057 a
691 1022 942 1071 vaporum
971 1006 1344 1054 ascendentium
1364 1006 1583 1061 nebulis,
1606 1007 1692 1069 qui
1717 1005 1840 1054 dum
1861 1006 2048 1069 frigore

285 1074 475 1123 cerebri
506 1071 877 1121 condensantur
897 1102 910 1123 ,
941 1084 1219 1118 nervorum
1253 1084 1370 1122 ora,
1393 1085 1450 1117 ac
1480 1082 1676 1118 meatus
1708 1068 1927 1132 fingulos
1957 1069 2049 1117 ob-

285 1134 507 1187 struunt,
533 1148 681 1197 atque
719 1131 849 1182 adeo
879 1135 1013 1183 viam
1042 1132 1282 1196 spiritibus
1306 1167 1318 1182 ,
1350 1131 1413 1179 ad
1441 1147 1630 1195 organa
1658 1133 1887 1181 sensuum
1924 1131 2050 1180 deri-

286 1200 461 1250 vandis
477 1233 488 1253 ,
510 1196 790 1248 occludunt
805 1230 818 1251 ,
840 1196 1019 1260 quibus
1042 1197 1190 1260 proin
1216 1191 1432 1244 destituti
1451 1194 1611 1245 sensus
1638 1196 1824 1250 externi
1847 1228 1859 1249 ,
1881 1193 1909 1244 a
1937 1194 2052 1251 >furh

289 1263 542 1314 &ionibus
567 1259 836 1314 necessario
859 1261 1111 1309 reiciantur.

452 1325 650 1381 LEUC:
687 1325 801 1373 Nec
827 1322 1139 1386 Morpheus,
1173 1321 1661 1386 credo,depingeret
1673 1321 1931 1371 coloribus
1949 1322 2051 1378 aliis

291 1391 477 1440 Somni
503 1401 761 1442 naturam,
791 1390 841 1436 ὅ(
862 1386 1108 1434 indolem.
1174 1384 1273 1432 Sed
1296 1400 1404 1446 quae
1429 1387 1569 1433 caula
1593 1383 1752 1435 subest
1779 1418 1792 1440 ‚
1823 1401 1912 1434 cur
1940 1400 2050 1433 non

293 1454 417 1503 nulli
440 1453 626 1501 somno
649 1463 849 1499 utantur
869 1462 975 1496 tam
997 1448 1133 1496 tenui
1158 1479 1170 1500 ,
1207 1459 1262 1495 ut
1290 1448 1600 1495 dormientes
1631 1449 1785 1498 veluti
1811 1448 2016 1511 vigilent
2037 1464 2048 1495 :

294 1518 396 1575 alijs
421 1513 545 1566 vero
571 1514 626 1569 fit
651 1511 781 1562 adeo
803 1512 971 1564 fortis,
996 1523 1050 1559 ut
1070 1525 1164 1558 nec
1185 1510 1419 1574 Capitolij
1444 1510 1659 1565 anseres,
1682 1527 1776 1561 nec
1794 1513 1891 1576 ipse
1911 1512 2051 1559 Sten-

295 1593 378 1628 tor
400 1576 545 1629 facile
574 1593 661 1625 eos
684 1577 747 1625 ad
759 1575 990 1624 officium
1008 1585 1216 1622 revocet
1243 1590 1252 1620 :
1290 1573 1534 1635 aliquibus
1557 1574 1774 1636 denique
1794 1573 1924 1623 adeo
1939 1589 2054 1638 pro-

295 1643 481 1692 fundus
503 1645 552 1691 5<
582 1645 803 1706 pertinax
826 1672 839 1695 ,
876 1649 931 1686 ut
955 1653 1048 1685 nec
1061 1637 1320 1685 Salmonei
1352 1652 1521 1685 currus
1537 1669 1549 1691 ,
1579 1651 1747 1699 neque
1766 1637 1946 1685 aemula
1963 1637 2053 1694 Jo-

292 1708 344 1756 vi
372 1707 594 1759 tonitrua
627 1703 825 1759 turbare
854 1703 1079 1764 quietem
1100 1697 1298 1764 possint.
1382 1702 1538 1751 MEL:
1608 1701 1691 1750 Uti
1713 1701 1934 1764 ligamen
1951 1700 2053 1747 sen-

294 1769 441 1818 suum
467 1765 535 1816 est
557 1763 678 1830 saepe
701 1765 951 1815 diversum
976 1797 988 1817 ,
1021 1766 1086 1811 ita
1116 1766 1165 1813 ὃς
1191 1761 1407 1811 diversus
1434 1758 1555 1827 saepe
1576 1760 1644 1810 est
1665 1764 1889 1812 somnus.
1958 1763 2055 1811 Fae
2123 1774 2128 1782 '

295 1834 433 1881 enim
455 1829 694 1880 remissius
718 1830 930 1892 ligentur
952 1826 1107 1874 sensus
1133 1859 1145 1879 ‚
1182 1838 1236 1874 ut
1267 1825 1454 1889 spiritus
1483 1826 1633 1889 aliqui
1663 1826 1726 1875 ad
1749 1841 1837 1875 eos
1860 1841 2056 1891 perme-
2130 1850 2132 1855 ·

295 1908 381 1944 ent
403 1928 415 1949 ,
453 1906 564 1943 utut
603 1894 666 1942 ad
691 1893 898 1956 plenum
924 1891 1067 1938 usum
1100 1904 1207 1937 non
1227 1888 1335 1937 satis
1361 1889 1534 1938 idonei
1553 1892 1569 1943 ,'
1601 1889 1807 1938 somnus
1834 1891 1951 1945 erit,
1971 1887 2055 1937 sed
2120 1897 2132 1926 ἰ

293 1957 613 2023 imperfectus
637 1975 645 2003 :
685 1956 924 2005 dormies,
944 1953 1023 2001 sed
1038 1953 1175 2002 velut
1195 1954 1352 2005 oculis
1374 1968 1493 2000 cum
1506 1954 1684 2001 Leone
1701 1954 1875 2017 apertis
1890 1968 1913 2004 ς.
1932 1966 2055 2000 nam

297 2020 608 2070 dormiendo
632 2019 798 2067 audies
819 2051 832 2071 ,
856 2012 1094 2079 loqueris,
1117 2019 1165 2065 &
1187 2015 1480 2064 ambulabis.
1550 2017 1642 2064 ‘fac
1661 2028 1832 2064 autem
1845 2014 2054 2064 vinculo

298 2086 436 2148 ligari
456 2083 614 2131 sensus
637 2096 740 2130 tam
764 2080 901 2129 arcto
924 2114 936 2134 ‚
974 2092 1027 2128 ut
1048 2079 1169 2126 nulli
1193 2078 1378 2142 spiritus
1400 2090 1685 2141 penetrent,
1709 2079 1900 2127 virtutis
1919 2076 2058 2126 senfi-

299 2151 411 2196 tivae
443 2143 678 2198 ministri,
713 2144 913 2204 somnus
943 2145 1032 2190 erit
1061 2142 1336 2205 perfectus:
1374 2138 1517 2202 quod
1537 2140 1571 2189 fi
1593 2152 1787 2189 meatus
1810 2140 1837 2189 a
1858 2139 2055 2190 viscosis

300 2226 553 2275 vaporum
577 2209 769 2257 nebulis
792 2207 855 2255 sic
880 2203 1201 2256 obstruantur
1217 2239 1230 2260 ,
1251 2217 1305 2254 ut
1325 2204 1520 2252 dissolvi
1540 2203 1753 2269 amplitis
1781 2215 2054 2267 nequeant,

298 2277 492 2322 orietur
517 2272 810 2334 Lethargus.
1818 2310 1821 2313 ,
1868 2271 1873 2274 ’
2100 2318 2106 2328 ¹

465 2337 661 2386 LEUC:
702 2338 760 2384 Et
790 2333 894 2382 haec
928 2331 1024 2397 ipsa
1050 2365 1062 2386 ,
1103 2328 1155 2379 ni
1183 2330 1332 2383 fallor
1355 2363 1367 2384 ,
1409 2329 1659 2378 declarare
1686 2332 1814 2379 ratio
1838 2331 2055 2395 poterit,

302 2415 392 2448 cut
414 2400 659 2462 plerisque
689 2399 864 2462 sponte
890 2430 902 2451 ‚
939 2396 1038 2452 alijs
1063 2392 1262 2450 nonnisi
1284 2392 1513 2442 clamofis
1549 2396 1753 2444 orientis
1774 2392 2056 2458 Phosphori

305 2463 486 2518 nuntiis
509 2462 726 2509 solvatur
747 2460 968 2508 somnus.
1037 2458 1136 2507 Sed
1158 2460 1207 2507 ὅ(
1233 2456 1350 2504 scire
1369 2472 1694 2522 percuperem
1728 2491 1741 2511 ,
1777 2453 2055 2520 quomodo

302 2524 408 2576 haec
430 2523 526 2591 ipsa
547 2523 631 2572 fiat
650 2523 751 2574 sive
768 2522 1040 2589 spontanea
1054 2555 1068 2577 ,
1083 2520 1181 2575 sive
1195 2520 1416 2591 violenta
1433 2522 1598 2570 somni
1619 2520 1859 2572 discussio.
1894 2520 2053 2567 MEL:

1930 2583 1990 2632 In

2126 255 2132 290 1

2119 294 2132 326 ἲ

2127 331 2132 373 i

2128 383 2132 402 ε
