2177 2905
706 88 790 204 P
819 85 944 205 A
975 88 1084 208 R
1112 91 1198 206 E
1226 88 1334 207 R
1366 87 1477 206 G
1507 86 1638 206 A

494 261 500 266 ·
551 232 714 331 Ex
765 226 1175 373 Univeisti
1222 224 1818 368 Philoffipbia.

283 423 330 464 Ἰ.
351 411 568 514 LOgica
591 407 645 463 est
672 407 822 456 Virtus
840 408 1149 457 intelleiiualis.
1219 422 1264 457 2.
1300 412 1421 465 Ars,
1443 410 1714 458 &scientim
1790 422 1832 468 3.
1856 406 1964 469 Ejus
1991 408 2078 458 Obs

464 473 628 535 jeflum
648 489 730 518 non
753 472 808 527 est
834 473 1080 520 Intellec‘ius
1102 472 1212 520 refie
1237 484 1428 534 operans.
1508 485 1556 533 4.
1593 474 1697 520 Nec
1714 473 1975 534 syllogismus
1997 490 2073 520 vo-

285 542 406 591 calis.
477 550 518 596 5.
553 537 631 583 Sed
652 537 867 584 mentalis.
937 537 984 584 6.
1020 540 1145 584 Inter
1160 538 1319 596 gradus
1346 535 1657 598 Metaphyficos
1672 553 1753 583 non
1779 538 1909 584 datur
1931 536 2073 590 distin-

282 605 367 653 etio
391 620 444 651 ex
461 604 647 650 ZVatura
666 602 730 647 rei
744 597 962 659 formalis.
1031 611 1077 659 7.
1113 603 1218 647 Nec
1240 599 1448 661 objei‘iive*
1464 601 1748 662 prascindens.
1820 604 1863 650 8.
1887 602 1966 647 Sed
1979 600 2072 659 sola

281 670 465 717 rationis
486 667 767 713 ratiocinata.
838 677 885 723 9.
923 666 1193 724 figmentum
1209 664 1310 721 sunt
1328 666 1426 712 idea
1455 665 1700 712 Platonica.
1774 677 1848 712 10.
1886 666 1989 711 Nec
2011 667 2072 711 ri-

277 736 378 793 gori
391 733 548 790 Logico
560 726 717 789 sufficit
734 727 1299 785 universalefimilitudinis.
1374 742 1390 775 1
1407 742 1447 776 Ι.
1469 727 1645 790 Phyfica
1665 726 1719 781 esi
1730 730 1915 774 Scientia
1931 728 2073 790 specu-

281 798 426 844 lativa
442 829 455 850 ,
476 794 592 853 cujus
613 791 835 852 Objec‘ium
863 790 917 845 est
940 803 1087 853 corpus
1122 793 1336 840 naturale.
1421 807 1493 839 12.
1531 794 1684 840 Datur
1705 793 1904 838 Materia
1924 794 2071 852 prima

280 858 575 914 Aristotelica.
650 869 724 913 13.
760 854 976 909 Distincfla
1005 854 1058 901 ab
1083 856 1300 903 elementis
1326 856 1548 915 Chymicis.
1639 867 1658 899 1
1676 866 1723 912 4.
1759 856 1924 900 Semine
1947 858 2071 902 Ana-

281 938 461 984 xagorae.
536 932 610 978 15.
647 921 823 967 Atomis
847 922 1109 967 Democriti,
1183 919 1257 968 16.
1278 920 1339 966 Et
1362 919 1580 964 elementis
1593 918 1917 977 Peripateticis.
1947 937 1950 940 ⁴
1993 929 2067 977 17.

283 983 398 1051 Estq}
419 984 659 1046 Subjec‘ium
684 983 1026 1044 uniuscujusque.
1101 995 1118 1027 1
1131 983 1174 1032 8.
1192 985 1345 1029 Datur
1355 979 1502 1040 forma
1526 977 1714 1039 absoluta
1733 995 1813 1026 non
1834 980 2005 1027 tantum
2024 984 2070 1027 in

280 1053 466 1100 homine.
552 1062 627 1107 19.
662 1049 739 1094 Sed
763 1049 818 1094 (ἵν
843 1045 998 1092 brutis.
1081 1059 1157 1092 20.
1196 1045 1384 1092 Plancis.
1467 1058 1544 1092 21.
1585 1046 1646 1091 Et
1665 1042 1954 1104 probabiliter
1973 1048 2069 1108 qui-

281 1115 458 1163 busdam
479 1113 695 1159 inanimis.
766 1123 843 1156 22.
881 1112 1014 1162 Dua,
1032 1107 1235 1169 pluresve
1247 1107 1398 1165 forma
1414 1108 1670 1168 principales
1693 1110 1738 1153 in
1764 1106 1911 1154 eddem
1933 1121 2069 1155 mate-

279 1184 353 1229 ria
366 1190 495 1240 parte
513 1175 775 1222 naturaliter
795 1184 1045 1234 repugnant.
1116 1185 1193 1230 23.
1232 1175 1341 1218 Non
1368 1185 1510 1218 tamen
1525 1172 1750 1231 partiales.
1835 1184 1916 1230 24.
1954 1173 2070 1219 Unio

281 1244 337 1298 esi
359 1245 516 1288 entitaa
539 1238 732 1285 modalis.
804 1249 881 1293 25.
911 1235 1037 1292 Causa
1064 1235 1117 1287 eft
1131 1238 1392 1296 principium
1414 1252 1470 1281 ex
1490 1235 1714 1291 intrinseca
1733 1234 1905 1281 virtute
1926 1236 2068 1282 deter-

279 1311 447 1358 minans
465 1304 627 1366 aliquid
650 1300 757 1360 dese
777 1298 1019 1359 infitfficiens
1040 1301 1093 1345 ad
1117 1298 1389 1354 existendum.
1460 1299 1538 1346 26.
1563 1297 1688 1356 Causa
1708 1296 1886 1358 efficiens
1900 1310 1952 1345 ut
1969 1298 2068 1346 abiu

279 1380 408 1433 agat,
436 1366 560 1415 debet
593 1365 690 1413 afiu
721 1363 910 1418 existere.
980 1377 1058 1423 27.
1098 1366 1159 1411 Et
1181 1366 1314 1409 etiam
1341 1360 1416 1421 effe
1447 1363 1663 1423 applicata
1677 1361 1753 1419 suo
1786 1363 1932 1409 modo:
1968 1363 2068 1409 hinc

278 1434 544 1484 naturaliter
558 1441 764 1491 repugnat
788 1429 898 1476 ai‘iio
921 1430 965 1474 in
983 1427 1150 1481 distans.
1221 1430 1299 1476 28„
1322 1428 1532 1473 Accidens
1549 1425 1794 1483 necsesolo.
1864 1439 1939 1485 29.
1962 1428 2066 1474 Nec

279 1516 374 1548 cum
406 1495 617 1551 ubstantia
637 1495 838 1555 producit
850 1490 1145 1550 substantiam.
1218 1502 1293 1549 30.
1329 1491 1406 1535 Sed
1428 1490 1518 1546 sola
1537 1488 1791 1546 substantia.
1865 1503 1939 1548 31.
1978 1492 2065 1537 Ea-

278 1569 373 1613 dem
390 1561 589 1624 producit
610 1558 844 1604 accidentia
864 1556 916 1602 ad
948 1559 1083 1602 intra.
1158 1566 1232 1612 32.
1269 1554 1538 1603 Academia
1561 1552 1666 1599 vero
1699 1554 1753 1598 ad
1775 1565 1928 1604 extra,
1945 1552 2067 1612 simi.

278 1632 341 1678 lia
360 1621 645 1673 accidentibus
667 1623 718 1665 ad
744 1623 862 1666 intra
877 1654 891 1670 ,
907 1621 1202 1680 producuntur
1226 1617 1252 1664 a
1270 1617 1370 1676 solis
1390 1615 1693 1663 accidentibus.
1768 1629 1788 1674 3
1801 1629 1843 1673 3.
1880 1616 2066 1675 Intensio

277 1691 541 1758 qualitatum
560 1683 617 1743 fit
630 1696 710 1745 per
728 1685 897 1729 unicam
912 1680 1129 1739 formam,
1155 1694 1271 1728 certo
1301 1680 1421 1726 modo
1444 1677 1747 1736 modificatam.
1817 1692 1893 1738 34.
1931 1680 2066 1726 Plan-

278 1771 330 1806 m
352 1754 496 1816 sponte
521 1747 731 1808 nascentes
748 1743 1037 1807 probabiliter
1052 1747 1315 1806 proveniunt
1335 1741 1627 1800 exseminibus
1640 1775 1652 1796 ‚
1664 1741 1869 1800 similiter
1890 1743 2059 1800 inseiia,

277 1823 336 1870 (Τ
356 1818 486 1866 bruta
507 1829 560 1860 ex
578 1814 691 1859 ovis.
764 1821 838 1868 35.
876 1809 1191 1867 Qaresemina
1206 1808 1454 1867 plantarum
1469 1839 1481 1860 ‚
1504 1807 1559 1853 (φ
1577 1807 1856 1866 oviparorum
1878 1809 2056 1856 vivunt.

282 1885 357 1944 36.
399 1884 539 1927 Bruta
562 1890 642 1923 non
678 1885 809 1935 agunt
832 1871 1020 1933 perfeiic}
1041 1870 1317 1930 formaliter,
1335 1870 1407 1927 sed
1438 1883 1582 1916 tamen
1610 1867 1855 1929 imperfbiie
1878 1880 2060 1930 propter

270 1948 419 2009 finem,
494 1954 567 2001 37.
606 1942 758 1987 Datur
779 1935 904 1996 Causa
920 1937 1088 1996 prima,
1104 1933 1199 1994 five
1217 1935 1403 1984 DEUs,
1431 1932 1547 1992 cujus
1564 1931 1788 1985 existentia
1808 1933 2061 1986 demonstra-

277 2014 319 2061 ri
334 2004 468 2072 potest
498 2004 758 2065 argumentis
782 1998 1030 2047 moralibus.
1100 2000 1175 2057 38.
1213 1999 1275 2045 Et
1299 1995 1506 2057 Physicis,
1537 1999 1670 2042 etiarn
1685 1994 1880 2055 permiffi)
1894 1997 2058 2057 proces:

270 2076 318 2137 su
339 2074 482 2135 aliquo
503 2071 546 2116 in
566 2065 794 2126 infinitum.
869 2076 943 2122 39.
961 2060 1116 2122 Influit
1135 2056 1339 2108 i771ediatc³
1358 2063 1404 2106 in
1422 2076 1562 2106 omnes
1581 2056 1765 2118 effeiius.
1834 2073 1914 2118 40.
1946 2063 2058 2108 Non

279 2153 423 2187 tamen
440 2146 521 2196 per
536 2130 1023 2194 pradeterminationem
1039 2124 1250 2187 physicam
1275 2123 1481 2181 Bannesij,
1550 2136 1628 2180 41.
1666 2126 1765 2185 Qa‘
1786 2125 1902 2171 tollit
1925 2123 2056 2171 liber-

278 2215 433 2251 tatem.
501 2210 578 2256 42.
594 2196 757 2242 Anima
780 2191 1006 2238 rationalis
1029 2188 1083 2244 eft
1104 2186 1429 2242 demonstrative*
1451 2187 1723 2234 immortalis.
1791 2200 1870 2246 43.
1895 2187 2060 2235 Libera

281 2265 484 2314 libertate
503 2257 796 2318 indifferentiae
862 2268 942 2313 44.
969 2257 1120 2302 Etiam
1140 2255 1184 2299 in
1191 2251 1311 2306 statu
1323 2253 1510 2297 Natura
1530 2250 1657 2310 lapfie,
1724 2262 1802 2309 45·⁴
1829 2253 1904 2298 Cui
1926 2250 2056 2298 liber..

282 2331 370 2377 tati
391 2342 469 2372 non
488 2315 875 2377 obefl‘Praescientia
899 2320 1086 2366 Divina.
1155 2317 1235 2374 46.
1260 2317 1359 2361 Lux
1374 2312 1644 2375 probabilius
1664 2313 1718 2367 est
1737 2315 1924 2378 qualitas
1945 2313 2058 2372 abso-

280 2394 391 2440 luta.
458 2399 536 2445 47.
584 2385 705 2433 Color
731 2395 874 2431 tamen
889 2415 900 2437 ,
922 2384 1055 2428 etiam
1074 2392 1327 2442 permanens
1342 2413 1354 2429 ,
1376 2394 1456 2423 non
1481 2377 1753 2437 distinguitur
1775 2377 1802 2425 a
1822 2379 1915 2425 luce
1936 2390 2053 2424 certo

278 2456 401 2504 modo
429 2446 686 2508 modificata.
762 2449 842 2504 48.
877 2450 1007 2493 Sonus
1030 2442 1299 2506 probabilius
1328 2440 1504 2499 confistit
1522 2444 1567 2488 in
1593 2444 1756 2502 impetu
1785 2439 2047 2499 modificato,

280 2522 339 2568 (ff
365 2530 552 2564 tremore
580 2508 930 2571 corpusculorum.
1005 2521 1085 2567 49.
1124 2508 1349 2555 Elementa
1366 2504 1468 2563 funt
1488 2504 1781 2566 generabilia,
1805 2507 1863 2556 &¹
1879 2513 2062 2564 corrup-⁷

281 2581 442 2633 tibilia.
516 2589 588 2638 50.
625 2573 752 2624 Licet
770 2584 970 2622 maneant
984 2570 1236 2634 formaliter
1252 2571 1298 2619 in
1321 2571 1488 2622 mixtis.
