2177 2905
379 63 444 126 46
988 50 1237 126 Diphthera
1256 61 1409 123 Jova.

319 158 506 212 Mortis
530 155 824 207 domum'in
843 167 960 206 ortu
984 142 1306 206 infallibiliter
1327 149 1612 207 constitisse,
1627 166 1691 203 en
1710 141 1878 203 dirum
1903 138 2086 204 omen'!
2154 144 2177 194 ἑ

320 224 493 273 aCtum
525 222 807 270 exclamant
836 220 899 269 de
919 219 1394 285 Porphyro-geniti
1414 217 1590 268 salute,
1615 220 1665 267 &
1702 214 1888 270 sextam
1915 218 2089 266 Fortu-

323 301 400 337 nae
435 284 655 336 domum
676 285 774 342 jam
803 284 1222 348 praetergrefl'um,
1247 283 1403 347 plenis
1434 281 1603 330 buccis
1630 279 1974 329 deblaterant:
2018 283 2091 329 in·
2168 285 2174 298 ‘

324 352 474 399 terim
507 349 690 400 credo,
715 348 837 397 cum
861 347 1047 397 domus
1067 346 1344 409 Religionis
1360 377 1373 398 ‚
1405 360 1463 393 ac
1482 346 1675 409 Regni,
1710 346 1763 392 in
1789 342 2088 408 horoscopo

330 411 714 475 subsequantur,
740 412 879 460 idem
911 413 1143 475 Princeps
1179 409 1243 458 ad
1278 410 1419 457 tiaras
1440 444 1454 460 ,
1491 410 1542 457 ὃς
1581 423 1799 456 coronas
1836 406 2088 470 aspirabit,

335 472 610 542 postquam
635 475 815 524 scilicet
832 477 1112 523 immaturo
1134 474 1254 522 Fato
1276 472 1373 529 iarn
1393 468 1647 520 conceffir.
1748 472 1913 519 Porro
1939 470 1970 518 fi
1992 471 2092 518 Re-

327 555 442 590 mus
465 543 676 591 iterum,
701 555 759 587 ac
778 537 1037 588 Romulus
1056 537 1229 600 aliquis
1251 536 1474 600 gemello
1495 547 1639 600 partu
1663 535 1832 583 forent
1857 528 2012 587 effusi,
2027 547 2092 581 an
2168 532 2174 538 ’

292 644 295 645 ⁷
327 605 568 654 invariata
587 599 864 652 Astrorum
895 601 1045 650 facies
1076 600 1362 650 violentum
1394 602 1538 647 unius
1564 601 1824 647 interitum
1847 631 1860 652 ,
1893 598 2090 645 alterius
2163 624 2165 626 -

331 664 458 717 vero
484 668 783 731 imperium,
808 665 1041 729 Olympo
1061 662 1391 726 aequandum,
1413 659 1607 710 stellatis
1627 661 1762 724 quaii
1785 662 1955 717 litteris
1978 674 2094 725 pro·

327 731 606 793 mulgaret?
642 742 727 778 aut
749 729 984 782 vicissim,
1014 726 1049 776 fi
1074 727 1245 775 fratres
1264 726 1378 774 illos
1410 725 1492 773 vel
1521 727 1818 774 innumeros
1847 725 1998 777 alios,
2023 722 2094 771 di-

330 791 514 843 stincto
538 807 774 858 ternpore
799 803 1108 857 prognatos,
1129 805 1226 839 una
1255 786 1384 838 hora
1413 788 1676 850 naufragio
1709 799 1983 850 mergeret,
2013 785 2093 835 vel

330 855 559 908 hostium
579 857 744 911 ferro,
775 858 826 904 in
856 856 1136 904 decretoria
1168 854 1273 900 acie
1296 885 1310 904 ,
1339 851 1583 902 hauriret,
1604 850 1875 912 obliquum
1906 849 2092 902 ambo,

329 916 619 983 omnesque
641 922 693 968 in
720 920 1016 981 horoscopo
1044 917 1361 978 Aquarium,
1384 914 1464 961 vel
1489 914 1712 961 Martem
1741 911 2095 976 retrogradum

331 986 493 1035 sortiri
521 982 828 1033 debuissent?
864 981 1026 1034 unde,
1055 975 1306 1043 Superum
1337 975 1518 1024 fidem!
1559 976 1691 1024 unde
1714 973 1820 1024 haec
1847 975 2093 1024 ariolandi

332 1049 519 1099 fiducia
543 1044 800 1112 processit,
820 1043 909 1093 nisi
931 1044 959 1092 a
986 1038 1117 1092 male
1138 1037 1310 1089 feriata
1338 1039 1566 1092 libidine,
1586 1054 1686 1101 qua
1711 1038 1833 1102 quid
1852 1038 1973 1101 quid
1996 1040 2096 1086 Lu-

333 1114 487 1161 natici
504 1110 773 1162 somniant,
797 1108 848 1156 id
869 1108 992 1157 Fato
1011 1101 1157 1171 plane
1176 1103 1466 1154 Cartesiano
1480 1136 1493 1157 ‚
1513 1105 1563 1152 in
1585 1117 1754 1151 rerum
1776 1098 1973 1152 Natura
1991 1100 2095 1150 hoc

334 1176 443 1241 ipso
471 1174 575 1222 dari
597 1168 894 1238 ineptissime
915 1180 1236 1234 augurantur.

464 1237 664 1288 LEUC:
733 1233 905 1285 Abiit:
943 1234 1064 1283 nihil
1085 1233 1154 1280 illi
1177 1227 1371 1297 inepte,
1399 1229 1565 1281 &fine
1586 1228 1777 1278 fundo:
1814 1228 1937 1278 nihil
1956 1228 2022 1277 illi
2044 1229 2095 1276 in

334 1304 480 1356 a'ere,
507 1299 596 1351 nisi
617 1299 783 1363 solidi.
883 1294 1158 1347 Astrorum
1190 1297 1386 1345 Natura
1407 1327 1420 1348 ,
1450 1297 1501 1344 δε
1531 1293 1755 1348 indoles,
1775 1293 2095 1342 Planetarum

335 1368 571 1419 virtutes,
592 1376 745 1427 atque
771 1364 1122 1428 proprietateS,
1147 1373 1268 1422 quas
1300 1358 1367 1407 illi
1392 1358 1572 1421 ingenij
1599 1359 1730 1412 acie,
1756 1367 1889 1406 totas
1921 1353 2091 1420 perspi-

336 1434 506 1481 ciunt,
525 1444 619 1492 pro
638 1426 738 1476 basi
758 1423 911 1475 altera
935 1426 1094 1476 servit,
1123 1438 1239 1486 qua,
1264 1422 1418 1471 veluti
1441 1418 1687 1486 Marpesia
1717 1432 1888 1473 caute,
1914 1416 2095 1468 Colos-

338 1494 449 1544 sum
479 1493 549 1540 illi
579 1492 727 1541 suum
760 1487 1010 1539 stabiliunt
1039 1521 1052 1542 ,
1084 1484 1497 1552 perpetuamque.
1614 1486 1790 1548 Qem
1816 1485 1956 1531 enim
1976 1515 1990 1537 ,
2026 1484 2097 1529 in-

340 1560 548 1620 quiunt,
568 1556 719 1603 latere
740 1550 917 1619 potest,
943 1548 1087 1614 quod
1108 1551 1347 1599 Saturnus
1371 1551 1422 1596 iu
1444 1548 1593 1601 sicco,
1617 1551 1665 1597 ὃς
1690 1547 1873 1610 frigido
1896 1545 2095 1599 haercat,
2164 1597 2171 1605 x

340 1632 492 1681 atque
517 1616 635 1667 ideo
666 1616 721 1664 s1t
756 1618 867 1664 vita:
893 1612 1143 1663 funestus?
1189 1613 1322 1660 unde
1351 1612 1421 1658 nil
1447 1611 1671 1673 inspirat,
1704 1611 1792 1657 nisi
1824 1606 2096 1662 tristitiam,

342 1682 629 1732 tarditatem
648 1679 950 1742 malignam,
974 1679 1024 1726 &
1045 1688 1148 1724 atra
1165 1673 1392 1725 confilia3
1422 1672 1805 1723 Melancholicis
1835 1667 2030 1736 praeest,
2050 1673 2102 1722 ὃς

340 1748 470 1795 inter
488 1743 691 1793 metalla
717 1741 806 1790 sibi
826 1739 1059 1789 vendicat
1086 1738 1374 1804 plumbum.
1474 1738 1666 1800 Jupiter
1691 1736 1900 1784 humori
1927 1735 2100 1782 miscet

340 1810 594 1860 calorem:
632 1805 748 1856 hinc
770 1804 980 1854 habetur
998 1804 1109 1852 vitae
1128 1803 1394 1866 propitius:
1423 1800 1618 1864 inspirat
1643 1801 1997 1862 magnanimos
2019 1813 2102 1847 au·-

342 1872 419 1922 sus
433 1905 446 1926 ,
469 1872 689 1920 laetitiam
703 1902 717 1922 ,
741 1868 911 1932 gloriae
929 1865 1243 1918 aviditatem,
1266 1868 1314 1913 <Sc
1335 1863 1480 1911 dotes
1498 1862 1691 1930 prorsus
1711 1862 1922 1926 Regales
1937 1878 1955 1908 1>
1985 1877 2104 1925 prae-

344 1933 416 1985 est
436 1933 682 1999 sanguini,
705 1926 961 1993 habetque
981 1930 1111 1977 inter
1139 1927 1339 1976 metalla
1367 1923 1619 1975 stannum.
1718 1928 1856 1975 Mars
1885 1923 2100 1973 siccitate

345 1995 727 2061 constringitur,
752 1991 1002 2056 simulque
1025 1988 1227 2041 funesto
1254 1991 1422 2040 calore
1448 1987 1637 2039 aestuat:
1674 1988 1792 2037 hinc
1822 1989 2101 2052 malignus,

345 2062 543 2127 inspirat
566 2060 930 2111 temeritatem,
950 2059 1043 2105 iras
1058 2089 1071 2110 ,
1096 2056 1319 2108 furores,
1340 2056 1390 2103 ὃς
1412 2055 1558 2104 rixas,
1579 2050 1750 2117 praeest
1771 2052 1879 2106 bili,
1906 2049 2105 2114 sibique
2132 2091 2149 2098 ,

348 2125 572 2176 attribuit
593 2121 876 2186 chalybem.
977 2120 1067 2170 Sol
1093 2119 1363 2167 siccitatem
1383 2117 1607 2181 benigno
1630 2127 1877 2181 temperat
1905 2114 2100 2167 calore3
2158 2174 2161 2177 ³

348 2188 468 2238 hinc
486 2189 597 2237 vitae
619 2189 830 2239 amicus,
846 2182 931 2232 dat
950 2181 1393 2248 pulchritudinem,
1417 2183 1466 2230 δε
1487 2179 1815 2228 moderatum
1837 2178 2100 2229 ardorem:

349 2247 521 2317 praeest
541 2250 651 2304 bili,
674 2264 762 2314 per
783 2247 1072 2311 sanguinem
1091 2248 1324 2294 mitioatae
1338 2277 1352 2298 ,
1379 2246 1429 2293 ὃς
1450 2247 1501 2292 in
1524 2243 1733 2292 metallis
1753 2243 1996 2308 gloriatur
2016 2258 2100 2292 au-

347 2331 427 2363 ro.
527 2313 703 2363 Venus
728 2308 797 2359 est
821 2310 996 2375 frigida
1011 2343 1025 2364 ,
1048 2312 1177 2359 acin
1197 2285 1415 2359 fiumido
1438 2309 1629 2360 natitat,
1650 2308 1760 2355 vitae
1779 2308 2101 2371 propitia,ur-

349 2377 578 2427 banitatis
601 2375 743 2424 causa
762 2370 857 2428 est,
881 2390 940 2423 ac
966 2369 1174 2439 leporis:
1213 2371 1485 2438 phleomati
1506 2367 1677 2435 praeest
1704 2381 1988 2434 temperato
2013 2384 2101 2433 per
2175 2402 2177 2404 -

349 2441 657 2505 sanguinem,
676 2439 802 2487 inter
816 2438 1017 2486 metalla
1035 2438 1296 2502 proprium
1330 2435 1398 2484 1bi
1419 2446 1651 2483 numerat
1671 2448 1901 2499 cuprum.
1963 2434 2100 2482 Mer-

282 2549 286 2555 .
352 2506 518 2556 curius
549 2504 679 2553 inter
707 2502 935 2553 Planetas
957 2497 1026 2550 est
1047 2499 1295 2552 Protheus
1308 2532 1322 2557 ,
1341 2500 1455 2563 quia
1469 2531 1484 2555 ‚
1504 2496 1734 2549 versatilis
1751 2495 2097 2607 Naturaeisese

1843 2573 1971 2608 cunc
1994 2573 2031 2608 is
