2177 2905
642 141 646 144 -
691 107 910 173 speculum
937 66 1175 173 fihyficum.
1663 118 1755 174 171'

60 199 248 254 licitare
274 198 543 254 succeffum
561 235 574 259 ,
593 213 650 252 ut
668 205 796 255 intra
822 206 1065 272 pauculos
1095 205 1220 254 soles
1251 204 1303 253 in
1325 202 1501 270 Lyceo
1520 203 1821 257 Atheniensi

63 266 306 332 flagitiosa
336 266 662 317 baccharetur
687 269 909 322 licentia,
939 272 990 320 δε
1012 267 1295 318 Academia
1319 269 1371 316 in
1410 269 1642 334 lupanar,
1662 268 1822 320 Athe-

61 346 233 381 naeum
252 333 305 381 in
323 331 634 395 Gynaeceum
655 333 996 381 meretricium
1026 331 1083 380 sit
1099 343 1497 381 commutatum.
1569 332 1688 383 Vah
1708 349 1825 398 pro-

62 393 243 451 brum,
265 395 348 444 sed.
366 394 476 444 solis
504 395 725 444 Ethnicis
747 395 1177 461 exprobrandum!
1217 397 1431 445 vivimus
1455 408 1705 460 tempora,
1721 399 1827 460 qui„
1894 403 1899 406 '

64 456 158 508 bus
179 459 312 512 nulla
325 457 564 523 Cupidini
579 460 702 513 Ara,
722 459 786 507 ad
804 462 1078 508 minimum
1103 457 1329 524 publica:
1367 459 1547 521 quibus
1567 461 1824 509 nulliCar-

64 523 167 575 mi,
188 522 374 579 notorii
405 522 576 571 saltem
610 525 667 578 &v
690 523 905 572 tolerati.
1009 522 1171 592 Qod
1192 521 1225 570 si
1246 523 1332 585 qui
1357 519 1491 570 forte
1519 525 1571 571 in
1590 523 1823 588 Peripato

63 584 251 648 Sophi,
275 588 364 650 qui
387 586 561 635 Catmi
579 584 777 635 Scitam
798 584 1154 652 profiteantur,
1180 585 1440 634 excusandi
1472 585 1583 634 sunt
1608 584 1820 640 merito,

65 652 183 712 quia
205 650 419 699 occulti:
456 649 731 699 execranda
749 649 959 712 quidem
982 663 1166 698 eorum
1183 649 1370 698 malitia
1388 682 1400 703 ,
1420 649 1501 698 sed
1527 649 1824 702 admiranda

65 710 252 778 magis,
277 714 393 776 quia
416 712 694 778 ingeniosa:
731 728 839 762 non
861 713 932 761 illi
955 711 1061 761 haec
1093 708 1319 777 publice,
1342 712 1485 775 quod
1518 712 1582 761 ad
1612 712 1826 778 scopum

67 777 306 841 ineptius,
326 776 408 826 sed
429 773 655 828 occulte,
686 776 831 839 quod
851 777 1026 825 tutius:
1064 776 1257 824 larvam
1276 775 1518 831 induunt,
1541 788 1595 825 ut
1614 775 1828 825 securius

68 852 313 888 noceant:
353 840 612 891 occultant
635 840 813 892 scelus,
835 855 900 888 ne
928 840 1023 887 esse
1049 835 1233 888 scelesti
1257 838 1635 904 prohibeantur.
1737 842 1829 889 Ex-

69 903 270 952 cusandi
287 903 397 952 sunt
416 901 601 954 merito
616 937 629 958 ,
654 919 763 952 non
787 906 925 952 enim
946 904 1137 952 Veneti
1162 905 1358 967 erigunt
1380 904 1537 957 Aras,
1564 903 1658 962 sed
1674 902 1828 952 libros

70 977 273 1015 exarant
287 999 300 1020 ,
322 967 503 1030 quibus
523 969 630 1032 plus
652 967 767 1019 Aris
788 966 1045 1020 omnibus,
1061 969 1304 1032 erigendis
1319 968 1525 1021 Veneri,
1550 963 1826 1016 destruunt.

66 1045 271 1079 novum
298 1029 406 1081 hocv
436 1026 730 1095 stratagema
758 1029 819 1078 ab
857 1030 1112 1079 Annibale
1145 1030 1317 1078 didicit
1351 1030 1508 1095 pubes
1542 1031 1825 1094 ingeniosa:

70 1094 116 1142 Is
137 1094 299 1146 enim,
320 1105 498 1142 contra
519 1096 801 1144 Eumenem
816 1126 828 1147 ,
852 1095 1051 1157 Regem
1071 1095 1324 1158 Pergami,
1343 1106 1676 1158 pugnaturus,
1697 1096 1830 1158 vipe-

69 1171 145 1206 ras
162 1157 275 1205 ollis
297 1156 502 1205 inclusas
526 1158 733 1222 projecit
755 1159 804 1205 in
827 1153 1005 1209 castra,
1031 1172 1139 1219 quae
1169 1174 1226 1204 ex
1254 1157 1534 1221 improviso
1563 1172 1828 1222 erumpen-

70 1232 143 1268 tes
158 1253 170 1274 ,
199 1216 329 1269 hosti
349 1219 481 1285 prius
512 1222 781 1269 intulerant
814 1219 1009 1268 lethum
1025 1253 1037 1273 ,
1062 1219 1216 1282 quam
1240 1220 1320 1268 ille
1343 1216 1597 1268 strinxerat
1615 1221 1824 1269 ferrum.

70 1285 138 1333 Hi
166 1286 401 1344 nequiori
430 1280 631 1338 astuti-21,
675 1283 739 1333 sic
771 1284 1024 1339 amatoriis
1054 1283 1225 1339 Ovidii
1255 1283 1555 1337 involucris,
1586 1283 1651 1332 fic
1679 1283 1828 1333 olidis

70 1347 261 1398 Tibulli
292 1346 593 1400 centonibus
632 1348 915 1400 occultant,
946 1349 996 1395 ὃς
1025 1346 1308 1410 dispergunt
1338 1346 1607 1409 serpentes,
1635 1359 1832 1397 utnon

73 1421 282 1460 notetur
300 1425 583 1464 venenum,
602 1409 689 1458 nis1
715 1410 815 1466 jam
842 1406 1102 1462 haustum,
1125 1425 1218 1457 nec
1252 1409 1515 1459 advertant
1536 1410 1581 1459 se
1610 1412 1831 1469 Juvenes

73 1470 292 1539 periiffe,
311 1472 398 1524 nisi
419 1471 538 1532 cum
565 1470 772 1537 periere.
873 1472 1147 1522 Excusandi
1176 1472 1285 1521 sunt
1306 1471 1520 1522 merito:
1558 1489 1668 1522 non
1694 1476 1835 1524 enim

75 1533 274 1603 publice
300 1538 497 1600 erigunt
518 1535 708 1590 Aram,
730 1536 811 1584 sed
835 1537 887 1584 in
921 1537 1156 1590 occulto,
1186 1538 1414 1601 aperiunt
1435 1536 1646 1586 ¹haram:
1684 1553 1834 1587 vene-

73 1617 200 1650 num
221 1602 272 1648 in
293 1614 383 1647 ore
412 1599 797 1652 circumferunt,
822 1599 1091 1648 conditum
1123 1602 1320 1648 saccaro
1337 1632 1350 1654 ,
1375 1600 1578 1649 cuilibet
1604 1613 1659 1649 ut
1680 1601 1834 1665 asper-

75 1676 221 1729 gant,
257 1664 487 1726 quemvis
518 1675 574 1711 ut
604 1663 826 1720 jocando
863 1678 1072 1726 quoque
1101 1665 1414 1712 interimant:
1463 1666 1514 1712 in
1543 1664 1832 1714 urbanitatis

75 1727 260 1792 cyatho
287 1728 558 1792 propinant
584 1727 779 1791 philtra,
802 1726 888 1775 sub
911 1729 1138 1776 amicitia:
1162 1726 1413 1776 schemate
1436 1729 1695 1776 occultant
1715 1729 1830 1782 tela,

76 1804 131 1840 ut
153 1795 383 1840 incautos
405 1788 622 1844 felicius,
652 1788 951 1854 contagiosa
979 1791 1089 1845 lue,
1112 1790 1359 1845 inficiant,
1381 1791 1595 1840 infectos
1629 1804 1829 1840 necent.

75 1854 348 1905 Exculandi
368 1853 478 1902 sunt
498 1852 710 1902 merito:
750 1870 868 1901 nam
900 1854 1208 1902 bacchantur
1236 1869 1345 1902 non
1367 1853 1455 1902 nifi
1475 1870 1594 1902 cum
1616 1854 1830 1919 Thyrso‚

76 1931 233 1981 quem
252 1917 461 1966 floribus
480 1917 767 1966 velaverant
795 1916 1090 1968 Bacchides,
1113 1930 1166 1964 ut
1182 1950 1193 1968 ,
1221 1919 1501 1980 pugionem
1526 1916 1734 1965 floribus
1764 1930 1834 1966 te-

76 1983 232 2035 Qum,
248 1980 458 2029 securius
484 1990 768 2043 mergerent
793 1982 843 2027 in
863 1979 1046 2027 viscera
1059 1981 1356 2028 viatorum:
1394 1982 1445 2027 in
1457 1982 1631 2044 Lyceis
1654 1981 1834 2029 seHar-
1904 2037 1907 2040 Α

78 2058 306 2111 pocrates
327 2043 560 2092 iimulant
576 2077 588 2096 ,
612 2046 664 2091 in
687 2043 880 2091 circulis
905 2042 1131 2106 produnt
1160 2043 1206 2090 se
1229 2045 1498 2107 Epicuros:
1535 2046 1586 2091 in
1608 2043 1830 2100 Eccleiijs

81 2110 206 2158 fusas
228 2121 366 2172 putes
389 2125 446 2156 ex
467 2122 559 2155 aere
582 2103 776 2159 statuas,
791 2109 840 2154 in
862 2106 1227 2154 conventiculis
1243 2108 1538 2156 Ganeones:
1561 2107 1747 2156 verbo:
1768 2111 1832 2154 in-

81 2174 152 2220 τιὶς
177 2175 375 2218 Nerones
390 2203 402 2223 ,
417 2170 528 2229 foris
552 2173 748 2220 Catones,
778 2169 1010 2218 simulant
1032 2184 1205 2223 ovem,
1220 2182 1273 2218 ut
1290 2182 1460 2234 tegant
1484 2172 1678 2235 lupum.
1729 2172 1832 2220 De-

78 2238 232 2298 nique
259 2233 518 2281 excusandi
537 2233 647 2282 sunt
671 2236 875 2286 merito,
891 2248 1007 2280 nam
1025 2230 1361 2281 Ecclefiastico
1382 2230 1518 2288 teste,
1548 2248 1585 2280 1.
1605 2250 1710 2282 non
1741 2234 1829 2284 nisi

80 2304 126 2347 in
140 2300 309 2358 silentio
331 2298 549 2350 mordent,
572 2298 620 2342 ιὲῑ
634 2295 818 2358 serpens:
858 2299 907 2345 ὅ(
932 2295 1074 2362 quod
1098 2294 1204 2348 latis
1231 2299 1397 2345 mirari
1428 2313 1537 2345 non
1562 2294 1726 2361 potest
1746 2300 1830 2347 Se·
1864 2304 1904 2350 C.
1927 2318 2000 2352 10,

82 2379 206 2412 neca
221 2395 234 2415 ,
260 2375 302 2406 2.
315 2359 455 2418 zdeem
468 2360 567 2416 sunt
587 2359 1067 2421 vitijsgratz‘ofi‚q11ibm
1085 2372 1246 2407 nocent.
1316 2361 1456 2429 Qid
1476 2362 1598 2425 ergo
1620 2363 1826 2415 mirum,

81 2426 225 2490 quod
247 2425 436 2471 eodem
454 2421 720 2475 Authore,
739 2435 842 2471 tam
868 2424 1005 2486 periti
1037 2421 1128 2470 lint
1157 2435 1460 2486 expugnatores
1495 2427 1637 2470 aliem
1660 2426 1827 2485 padici-
1862 2404 2028 2490 Epyss.

82 2494 176 2542 τίω,
200 2487 326 2550 qmim
355 2487 608 2545 negligentes
627 2485 733 2543 sax:
779 2485 900 2548 quid
932 2487 1148 2539 mirum,
1177 2487 1322 2549 qiiod
1348 2486 1413 2537 iic
1447 2501 1703 2536 exarment
1726 2488 1829 2536 Cu·

81 2553 257 2620 pidinis
278 2549 552 2616 pharetraS,
578 2562 633 2600 ut
650 2549 790 2616 plura
810 2550 930 2603 tela,
957 2551 1005 2596 in
1021 2549 1248 2606 Juventae
1269 2553 1466 2601 ruinam
1482 2585 1494 2607 ,
1515 2552 1669 2603 velint
1687 2552 1828 2598 cmit-
1863 2556 2068 2603 contium

969 2613 1014 2662 Y
1050 2625 1079 2660 2
1632 2627 1733 2663 tere
1747 2646 1760 2669 ,

361 2696 390 2717 .‘

1861 2624 1995 2670 Poem.
