2177 2905
627 56 1028 120 Technophylacium
1049 55 1285 117 Physicum.
1677 71 1769 118 237

83 166 164 204 cet
184 168 367 218 corpus
389 155 584 216 exigens
607 151 949 200 ubic-ationem
974 149 1220 205 majorem
1241 149 1287 197 se
1308 148 1353 196 se
1371 147 1739 213 dilatensicque
1759 152 1830 200 di—

83 218 292 266 latatum
309 218 611 264 intromittat
631 215 938 279 corpuscula,
960 212 1134 262 senlim
1146 212 1245 261 sine
1259 212 1390 261 sensu
1403 216 1708 276 ,perlomnes
1721 230 1832 264 cor·

81 281 216 345 poris
229 277 458 334 ‘rarefaCti
485 290 644 342 partes
668 278 861 326 intrusa.
1068 331 1072 333 ,

207 342 407 392 LEUC:
474 340 592 389 Alia
614 336 640 388 ὲ
662 342 894 403 Regione
913 338 1151 388 machina
1175 339 1222 387 se
1240 340 1285 388 se
1309 339 1467 388 oculis
1485 340 1681 404 ingerit,
1695 344 1828 404 prio-

81 407 123 455 ri
154 420 262 454 non
293 403 514 453 multum
546 401 779 452 dissimilis
804 436 817 457 ,
850 415 903 452 ut
939 406 988 452 in
1008 402 1113 452 hoc
1137 403 1276 452 Artis
1299 401 1724 466 te‘chnophylacio
1745 421 1828 469 ge-

79 468 264 518 mellos
286 465 473 516 merito
496 465 728 521 credam,
764 463 999 521 Castora,
1036 469 1087 515 &
1107 466 1387 514 Pollucem.
1454 468 1612 512 MEL:
1673 466 1827 516 Baro-

76 543 299 580 metrum
320 530 471 584 vides,
495 529 638 593 quod
657 529 720 578 ab
741 528 979 578 Authore
1005 528 1188 578 tubum
1213 528 1635 577 Torricellianum
1663 531 1826 594 appel-

74 594 194 641 lant.
294 595 445 643 Hunc
466 595 594 640 inter
623 592 761 640 Artis
775 592 1017 641 Miracula
1039 604 1180 656 putes
1200 590 1508 655 Prophetam
1530 625 1542 646 ,
1564 593 1643 640 vel
1667 592 1699 640 si
1721 608 1826 641 ma-

74 658 146 705 vis
169 653 427 705 coelestem
448 657 779 709 Mercurium,
795 657 881 717 qui
895 654 1184 719 Diphtherae
1196 652 1406 704 coelestis
1434 670 1610 703 arcana
1630 657 1826 705 Morta-

74 718 200 768 libus
214 721 517 783 praenunciet
537 719 714 781 Augur
727 717 888 772 fimul,
909 730 1058 781 atque
1069 719 1312 782 interpres
1337 735 1347 764 ε
1383 733 1504 767 nam
1517 716 1597 766 hic
1608 718 1826 782 Hydrar-

112 797 224 845 yrus
249 780 310 829 ad
332 781 646 830 altitudinem
669 793 854 830 certam
886 780 1132 846 suspensus
1157 813 1172 834 ,
1206 796 1294 845 per
1317 783 1474 830 varias
1499 779 1749 836 ascensus,
1773 783 1826 833 &

71 797 330 893 descensus
354 842 700 896 vicissitudines
733 879 747 895 ,
809 845 910 901 alijs
943 840 1209 892 instantem
1249 840 1551 908 tempestatis
1583 844 1825 894 mutatio-

71 921 221 960 nem,
246 907 345 963 alijs
366 909 551 955 externi
574 907 697 955 aeris
727 910 1021 970 gravitatem
1046 939 1058 960 ,
1096 904 1711 970 universis-ampliffimam
1753 907 1823 956 di-

76 968 328 1018 scurrendi
371 973 631 1018 materiam
655 967 966 1018 demonstrat
992 988 1001 1018 z
1038 970 1301 1018 inventum
1334 972 1410 1017 vix
1432 985 1540 1018 non
1562 969 1819 1024 divinum,

70 1033 208 1089 cujus
235 1035 632 1097 experimentum
652 1049 761 1081 non
781 1032 1112 1081 solummodo
1126 1031 1466 1081 Serenillimos
1480 1033 1712 1083 Uladislai
1724 1034 1816 1082 IV.

69 1096 221 1158 Regis
240 1097 418 1145 oculos
439 1097 490 1143 in
504 1096 735 1149 Polonia,
759 1097 1155 1158 Purpuratorum
1186 1097 1474 1159 Principum
1507 1098 1558 1144 in
1579 1096 1742 1150 Italia,
1768 1099 1820 1146 &1

69 1154 511 1208 Illustrissimorum
533 1161 831 1221 quorumvis
852 1159 1126 1207 hominum
1145 1160 1196 1206 in
1211 1159 1372 1206 Gallia
1393 1157 1454 1206 ad
1467 1158 1738 1214 jucundam
1751 1159 1820 1208 sui

67 1223 557 1286 contemplationem
579 1224 809 1286 pertraxit
828 1255 841 1275 ,
872 1221 953 1270 sed
977 1221 1121 1284 quod
1146 1216 1265 1281 teste
1288 1221 1506 1270 Schotto
1529 1222 1817 1271 multorum

65 1285 277 1348 ingenia,
304 1287 354 1335 &
368 1285 590 1334 calamos
613 1286 866 1339 excitavit,
889 1297 943 1333 ut
965 1283 1238 1333 effectuum
1257 1296 1362 1332 tam
1389 1284 1693 1334 mirabilium
1704 1301 1816 1334 cau-

63 1346 132 1396 sas
155 1350 204 1397 &
225 1348 532 1411 indagarent,
556 1351 847 1399 &inventas
866 1349 1072 1412 publico
1098 1346 1462 1410 consignarent.
1512 1346 1678 1398 Porro
1697 1363 1816 1412 prae-

64 1411 208 1474 cipua
227 1410 371 1467 hujus
397 1410 1231 1475 experimentiPhoenomenasunt,
1253 1408 1814 1474 quodquantumcunq3

63 1473 264 1536 longus,
283 1472 510 1536 latusque
522 1475 578 1523 sit
588 1475 805 1527 tubulus,
826 1475 1106 1522 Mercurius
1122 1473 1181 1520 ad
1201 1473 1515 1522 altitudinem
1535 1486 1611 1532 27.
1634 1474 1814 1537 digito-

64 1551 179 1584 rum
203 1535 481 1584 descendat.
596 1539 645 1587 Si
672 1539 722 1584 in
742 1534 995 1599 stagnante
1015 1535 1340 1599 Hydrargyro
1361 1537 1547 1584 vitrum
1579 1537 1813 1592 inclines,

64 1598 293 1646 ascendet
314 1598 377 1646 ad
398 1600 780 1649 connaturalem
804 1599 889 1647 libi
909 1599 1217 1647 mensuram.-
1253 1597 1288 1647 si
1310 1598 1513 1647 tubulus
1540 1611 1613 1657 27.
1629 1599 1812 1663 digitos

60 1674 240 1723 aequet,
255 1661 323 1709 nil
345 1661 406 1709 de
421 1663 744 1726 Hydrargyro
766 1661 966 1709 defluet.
990 1662 1039 1709 Si
1057 1663 1107 1708 in
1128 1661 1249 1709 loco
1267 1661 1490 1710 colloces
1503 1660 1811 1715 sublimiore,

59 1724 309 1780 majorem
332 1724 643 1773 altitudinem
664 1726 823 1789 capiet
843 1726 894 1771 in
915 1724 1066 1777 valle,
1096 1723 1250 1786 quam
1285 1735 1462 1772 monte
1488 1741 1499 1771 :
1537 1725 1753 1787 denique
1774 1724 1811 1775 fi

61 1788 113 1834 in
131 1787 324 1835 Musaeo
351 1787 453 1836 hoc
473 1784 868 1836 instrumentum
885 1787 1166 1850 suspendas3
1203 1787 1431 1835 descensu
1451 1787 1810 1841 nubila,ascen-

60 1848 113 1896 su
132 1862 397 1896 venturam
415 1849 727 1896 serenitatem
749 1849 1125 1911 praenunciabit:
1149 1864 1371 1911 quorum
1392 1849 1674 1898 omniumfi
1694 1865 1809 1899 ana-

60 1910 183 1974 lyfin
207 1909 464 1974 physicam
486 1910 514 1959 ἐι
535 1909 853 1973 Philosophia
880 1912 1101 1972 exquiras
1115 1942 1129 1964 ,
1147 1914 1435 1960 committes
1460 1912 1664 1976 Sophos
1686 1929 1807 1962 cum

1849 1218 1903 1262 In
1938 1214 2067 1267 Tech-

1848 1296 1939 1328 cur.

57 1972 255 2038 Sophis,
276 1975 326 2023 &
345 1973 448 2022 hoc
472 1989 638 2037 pomo
657 1971 929 2022 Discordiae
947 1976 1233 2022 innumeras
1252 1974 1483 2024 movebis
1502 1975 1624 2024 lites.
1692 1976 1807 2026 Cla·
1865 2015 1867 2019 Α

58 2037 273 2086 mabunt
291 2037 470 2099 aliqui,
491 2038 536 2085 se
558 2052 615 2084 ex
641 2036 903 2085 delabente
931 2022 1191 2086 MerPurio
1218 2052 1437 2086 vacuum
1466 2038 1566 2095 jam
1590 2039 1805 2098 demon-

58 2097 220 2149 strafi'e
245 2100 308 2148 ad
334 2101 572 2153 oculum:
609 2099 690 2148 sed
720 2100 937 2148 clamant
966 2101 1017 2148 in
1044 2115 1288 2151 vacuum3
1340 2117 1460 2149 nam
1487 2100 1687 2150 solidius
1705 2102 1804 2158 illi,

58 2165 145 2226 qui
165 2178 382 2211 vacuum
410 2163 513 2211 hoc
539 2165 717 2227 partim
739 2161 1047 2211 subtilissimo
1071 2166 1212 2216 aere,
1234 2164 1511 2213 lateralibus
1538 2166 1648 2213 vitri
1667 2167 1803 2230 poris

57 2225 367 2279 adhaerente,
393 2239 478 2274 aut
506 2225 824 2279 succedente,
855 2229 1035 2289 partim
1071 2225 1464 2276 exhalationibus
1495 2229 1803 2277 Mercuriali-

56 2289 148 2338 bus
168 2301 435 2353 occupant.
535 2290 637 2346 Alii
662 2289 840 2338 cuneta
864 2288 1218 2339 Phoenomena
1248 2291 1300 2338 in
1321 2302 1518 2339 metum
1544 2293 1714 2345 vacui,
1731 2291 1801 2339 sat

56 2352 304 2405 audacter,
327 2355 376 2402 <Sc
395 2350 496 2400 sine
513 2364 652 2401 metu
669 2354 921 2409 rejiciunt:
958 2352 1038 2401 sed
1059 2353 1346 2410 rejiciuntur
1363 2353 1553 2411 abillis,
1567 2355 1799 2417 quiMer-

54 2416 251 2463 curium
275 2416 524 2477 aequaliter
545 2414 840 2479 suspensum,
856 2431 942 2480 per
961 2418 1084 2465 a'e‘ris
1103 2418 1414 2480 gravitatem,
1428 2420 1477 2468 ὅ(
1496 2415 1799 2481 preffionem

56 2477 184 2529 illius
217 2474 464 2529 clasticam
500 2479 767 2543 explicant:
824 2494 970 2594 naimh
982 2477 1102 2530 cum
1135 2480 1377 2533 columna
1403 2482 1525 2532 aeris
1553 2477 1796 2594 staff—nanti

1007 2555 1028 2599 3
1662 2555 1732 2593 er-
