2205 2905
702 97 836 148 Atlas
847 94 1172 161 Philosbphicus.
1709 114 1733 151 1
1746 105 1777 163 ‘3'

75 203 278 242 currere
299 187 584 239 milliarium
604 185 786 241 millia,
805 201 916 251 quae
928 198 984 238 ut
1013 187 1295 240 absolveret
1321 188 1528 258 Pegasus
1546 225 1561 251 ,
1593 189 1838 258 indigeret

76 256 221 304 annis
242 252 378 302 mille
396 251 711 316 septingentis
728 251 903 316 viginti
920 250 1023 307 sex,
1041 251 1130 302 etfi
1150 254 1477 320 quadraginta
1489 257 1716 321 quotidie
1726 256 1840 308 mil·-

73 316 213 368 liaria
230 317 533 365 emerit-etur.
633 313 822 369 Addit,
845 312 991 378 quod
1011 316 1090 366 vel
1119 314 1238 367 ideo
1262 320 1447 366 morulas
1466 320 1493 367 ιὲ
1520 333 1639 367 motu
1665 334 1837 370 remo—

76 392 216 433 veat3
250 377 369 428 cum
389 378 525 426 enim
545 372 682 428 stella
700 376 795 426 fixa
808 409 821 430 ,
850 379 978 426 intra
999 377 1137 429 ho'rae
1163 383 1421 431 minutum
1437 417 1451 437 ,
1488 383 1651 433 decies
1670 395 1838 433 cente«

73 458 141 494 na
158 441 394 502 conficiat
415 441 705 490 milliarium
722 441 875 490 millia
893 473 907 495 ‚
941 444 1081 492 navis
1094 476 1107 497 ,
1129 445 1257 493 intra
1273 444 1375 495 hoe
1394 443 1576 496 instans
1590 479 1604 501 ,
1624 447 1837 497 milliare

72 521 236 558 unum
267 502 464 554 emensa
479 537 493 558 ,
529 502 638 569 plus
660 503 837 552 millies
861 503 1000 554 mille
1016 502 1308 557 instantibus
1331 508 1538 559 deberet
1555 510 1840 572 quiesceres

73 581 226 632 atque
245 571 311 618 ita
331 600 346 624 ,
380 566 417 616 fi
436 567 573 617 illam
603 566 840 632 progredi
860 582 1086 618 cerneres
1115 602 1129 625 ,
1163 570 1332 621 multo
1361 570 1522 638 magis
1547 569 1759 622 stantem
1782 574 1837 623 in

71 634 178 698 ipso
199 631 343 683 cursu
359 631 686 680 admirareris,
766 631 887 679 Haee
910 631 990 679 ille
1005 665 1018 685 ,
1045 647 1155 696 q—uae
1176 632 1208 682 fi
1229 637 1505 685 carminare
1525 635 1702 686 liberet
1723 637 1840 686 lon-

71 698 202 762 giori
220 695 453 760 indagine
467 727 481 750 ,
516 693 722 744 forsitan
745 691 952 742 ess'emus
973 693 1097 745 duo.
1165 697 1358 748 Sufficit
1379 697 1524 762 quod
1549 715 1635 764 per
1656 699 1838 749 discur-

70 762 205 814 sum,
228 758 446 808 fiderum
465 758 700 809 velocem
721 756 987 814 discursum
1008 759 1096 808 tibi
1117 760 1457 824 probaverim.
1524 760 1704 812 Motus
1718 778 1837 828 por-

72 820 134 874 ro
149 836 255 872 tam
273 822 534 887 paradoxi,
554 822 672 884 qui-a
691 833 798 870 tam
816 820 985 870 celeris
1002 820 1164 877 fimul,
1184 826 1237 874 ὅ(
1259 825 1491 890 regularis
1505 856 1519 880 ,
1541 825 1740 875 causam
1752 840 1838 877 va-
1880 851 1884 855 .

72 886 128 943 rii
150 886 369 938 variam,
398 883 455 932 ut
473 883 621 939 solet,
652 881 906 949 affignant.
1024 886 1170 936 Casui
1195 886 1341 937 illum
1360 888 1606 954 adscripsit
1637 889 1836 938 Demo·

73 951 252 1000 critus:
289 947 369 997 sed
391 945 474 996 hic
496 946 697 996 ridetur.
795 948 962 996 Strato
980 949 1346 1014 Lampsacenus
1368 951 1590 1001 refundit
1608 953 1660 1000 in
1677 954 1838 1017 impe-

73 1025 186 1063 tum
201 1045 214 1067 ,
238 1012 382 1061 suum
402 1010 698 1058 crediderim
714 1042 724 1062 ,
748 1025 866 1057 nam
894 1011 1186 1071 loqueretur
1205 1014 1409 1068 melius,
1439 1015 1474 1064 fi
1500 1014 1603 1065 fine
1622 1019 1835 1080 impetu,

75 1076 326 1127 Animam
347 1072 587 1140 assignant
606 1073 701 1127 illi,
739 1071 917 1135 quibus
953 1074 1106 1124 fidera
1137 1091 1246 1125 non
1271 1076 1438 1128 modo
1468 1090 1707 1134 currunt,
1750 1077 1836 1126 sed

74 1142 229 1188 etiam
261 1137 484 1187 humana
510 1136 705 1185 ratione
724 1136 1016 1185 discurrunt.
1126 1139 1216 1188 Ad
1247 1141 1538 1191 machinam
1556 1174 1571 1195 ,
1623 1143 1740 1204 quia
1768 1140 1836 1191 ad

71 1202 296 1255 DEUM,
315 1201 520 1250 recurrit
540 1201 617 1249 M.
642 1198 906 1248 Albertus:
944 1200 1019 1255 alii
1043 1200 1106 1249 ad
1130 1201 1354 1252 formam
1375 1205 1715 1259 intrinsecam,
1734 1204 1837 1269 ple-

71 1268 214 1329 rique
235 1263 560 1329 Angeiorum
579 1263 764 1318 virtuti,
779 1266 826 1313 ὅ(
850 1259 1127 1322 Ministerijs
1145 1265 1370 1316 tribuunt
1386 1266 1523 1317 hunc
1543 1267 1834 1333 impulsum.

72 1331 227 1383 Sunt,
248 1333 335 1391 qui
361 1326 662 1376 mediatores
685 1329 735 1375 in
755 1325 847 1375 hac
864 1326 978 1382 lite,
999 1327 1043 1375 se
1054 1325 1278 1377 offerunt
1297 1348 1308 1378 :
1329 1346 1423 1380 nec
1435 1332 1502 1380 ita
1515 1331 1717 1394 alligant
1728 1345 1836 1380 coe-

72 1389 213 1441 lestes
241 1393 444 1456 Spiritus
475 1391 538 1438 ad
564 1389 657 1439 hos
680 1389 880 1462 Orbes3
932 1388 988 1438 ut
1010 1389 1125 1439 saxo
1143 1392 1408 1457 Sisyphum
1436 1427 1451 1448 ,
1486 1394 1569 1443 sed
1588 1394 1834 1445 Rectores

72 1456 168 1505 effe
188 1456 393 1509 volunt,
416 1456 466 1504 ὃς
486 1452 772 1503 Βίῑεᾶοῑεε
788 1485 800 1506 ,
836 1466 1009 1516 sicque
1023 1453 1335 1505 Autlioritati
1349 1457 1486 1506 suam
1504 1456 1679 1507 servari
1694 1470 1834 1506 autu·

71 1531 216 1568 mant
232 1517 630 1568 Authoritatem.
698 1515 955 1566 Caeterum
974 1519 1158 1568 rationi
1177 1518 1228 1568 id
1249 1520 1476 1569 tribuunt
1495 1553 1508 1574 ,
1534 1532 1589 1569 ut
1609 1519 1637 1569 a
1661 1520 1834 1569 forma

72 1578 330 1632 intrinseca
348 1583 548 1630 moveri
569 1577 777 1629 afferant
792 1612 804 1633 ,
826 1582 879 1631 <Sc
897 1590 1148 1631 tueantur.
1248 1583 1388 1649 Quid
1412 1583 1534 1646 quid
1552 1582 1609 1632 sit
1623 1616 1636 1638 ,
1659 1583 1711 1633 id
1731 1598 1833 1646 ego

70 1649 124 1696 in
144 1660 319 1694 aurem
337 1643 448 1699 tibi,
469 1641 552 1692 hic
573 1658 661 1709 per
674 1642 966 1694 discursum:
1003 1642 1104 1693 fine
1116 1644 1444 1696 Authoritate
1462 1645 1528 1696 fic
1545 1650 1834 1710 interpreta-

71 1710 111 1759 ri
132 1708 420 1762 Authores,
444 1705 678 1756 audacius
699 1706 857 1757 videri
879 1705 1064 1772 posset,
1096 1707 1251 1772 quam
1274 1709 1442 1759 tutius.

197 1771 394 1823 LEUC:
463 1772 608 1819 Extra
631 1771 715 1818 teli
742 1771 926 1827 {aetum
952 1768 1036 1819 hic
1058 1775 1149 1820 erit
1174 1773 1515 1838 Copernicus:
1549 1773 1668 1823 huic
1690 1775 1828 1824 enim

68 1834 195 1885 stant
216 1834 390 1885 sidera,
423 1836 473 1884 ὅ(
493 1834 593 1882 sola
615 1846 854 1882 movetur
869 1834 1058 1884 TelluS.
1093 1837 1251 1899 Qis,
1272 1837 1459 1885 amabo
1475 1871 1488 1890 ,
1511 1837 1826 1902 Philosophis

68 1899 227 1950 sensus
250 1899 315 1947 de
343 1894 505 1946 isthoc
535 1896 874 1960 Philosopho?
909 1897 1047 1952 cuius
1079 1899 1131 1945 in
1164 1900 1394 1962 Peripato
1423 1901 1584 1948 Famae
1615 1900 1696 1948 hic
1715 1900 1829 1949 Au-

69 1962 218 2012 thor?
283 1962 439 2008 MEL:
507 1958 732 2008 famosus
762 1955 832 2007 est
859 1955 1019 2013 certe,
1041 1958 1075 2008 fi
1096 1975 1206 2009 non
1226 1961 1443 2010 infamis.
1542 1964 1829 2027 Stigmatias

70 2025 208 2075 audit
226 2026 276 2073 in
300 2022 442 2074 Orbe
461 2021 754 2078 Catholico,
770 2024 886 2086 quia
911 2035 1286 2087 programmate
1305 2024 1512 2089 publico
1538 2025 1602 2074 ad
1623 2026 1828 2091 Alogo-
1884 2058 1887 2061 Δ

71 2104 187 2138 rum
211 2089 406 2152 Gyaros
427 2088 687 2151 relegatus·
788 2085 956 2139 Audi,
981 2085 1162 2148 quibus
1180 2087 1499 2137 censurarum
1525 2089 1706 2138 aculeis
1725 2090 1829 2147 ejus

77 2149 285 2216 systema
307 2150 529 2214 configat
548 2151 798 2215 Peripatus
826 2149 1013 2198 sanior:
1051 2152 1364 2215 vertiginem,
1384 2154 1466 2206 ait,
1488 2154 1722 2217 patiatur,
1743 2168 1830 2202 ne—

74 2213 262 2264 cessum
284 2210 376 2268 est,
398 2216 483 2276 qui
505 2226 697 2263 tantam
716 2213 905 2263 Telluri
925 2215 1236 2277 vertiginem.
1305 2215 1574 2264 Insensa-tus
1591 2213 1828 2281 profesto

75 2278 134 2329 fit
154 2277 379 2343 Sophus,
405 2279 488 2339 qui
513 2292 696 2327 omnes
724 2277 913 2341 jugulat
934 2276 1119 2330 sensus,
1140 2290 1195 2327 ut
1219 2278 1298 2326 vel
1327 2278 1479 2328 elidat
1496 2311 1511 2333 ,
1541 2279 1624 2327 vel
1659 2280 1828 2330 eludat

73 2342 267 2393 sensum
293 2356 646 2390 communem.
746 2340 1015 2395 Mirabilis,
1033 2341 1116 2390 cui
1136 2342 1405 2391 universale
1427 2342 1693 2400 judicium,
1716 2358 1828 2392 non

73 2406 159 2455 dat
181 2405 446 2462 judicium:
482 2404 676 2458 surdus,
693 2406 775 2453 cui
795 2405 1054 2468 Scripturae
1081 2404 1328 2459 Oracula,
1348 2420 1458 2455 non
1489 2404 1576 2454 nisi
1601 2407 1827 2470 po'e'ticas

70 2471 251 2520 sonant
273 2467 615 2534 metaphoras:
652 2469 734 2517 cui
754 2469 838 2517 uni
857 2469 1096 2516 omnium
1123 2483 1276 2518 voces
1295 2484 1404 2518 non
1431 2469 1498 2518 sat
1525 2469 1824 2522 acclamant,

75 2546 140 2594 ut,
158 2549 287 2589 unus
308 2533 546 2590 omnium
566 2531 776 2588 vocibus
796 2546 912 2652 11οὲ
934 2529 1094 2598 magis
1113 2528 1369 2600 obstrepat
1387 2545 1620 2598 nugator.
1660 2596 1669 2604 .
1721 2532 1825 2583 Pla-

944 2607 973 2656 3
1514 2607 1768 2651 nemum
