2160 2916
105 2039 240 2090 Color.

387 104 445 155 '35‘
923 96 1057 158 Scylla
1090 103 1218 161 atque
1252 86 1494 154 charybdis.

326 197 552 259 fringitur
571 193 707 242 ae're:
744 188 930 250 abfhluta
948 224 962 246 ,
1000 206 1111 255 quae
1132 202 1305 241 tamen
1329 191 1518 256 respicit
1536 187 1885 254 homogeneas
1895 198 2073 256 partes,

322 258 471 308 fitum
495 256 704 310 rectum,
726 251 1004 321 porosque,
1026 267 1081 303 ut
1099 266 1346 321 permeet:
1376 252 1633 315 perfhbliva,
1657 267 1766 315 quae
1784 264 1957 304 tamen
1977 257 2077 319 spe-

331 322 507 370 culum
537 315 839 374 causticum,
874 331 986 368 utut
1014 318 1349 382 diaphanum,
1381 314 1582 365 transire
1615 316 1807 378 nequit,
1833 320 1955 379 quin
1981 319 2075 368 sese

324 384 545 448 colligat,
567 386 616 432 ὅ(
637 382 931 431 ΓεΗοᾶὶειωτ.
1027 383 1123 430 En!
1161 382 1453 443 qualitatem
1472 378 1771 433 mirabilem,
1795 382 1910 442 quia
1923 382 2077 442 specia-

322 449 408 494 lem
431 479 444 500 ,
479 462 599 494 nam
620 449 687 494 ita
709 459 847 493 tenet
887 446 1209 508 proprietates
1251 439 1522 492 substantiae
1544 475 1558 495 ,
1603 454 1658 490 ut
1689 442 1836 491 fimul
1870 447 2079 494 retineat

324 510 570 574 qualitatis
594 524 791 557 nomen
813 526 824 555 ε
859 508 924 556 sic
943 507 1158 569 sequitur
1181 508 1408 570 corporis
1432 538 1448 567 χ
1481 506 1560 553 cui
1577 503 1781 553 inhaeret
1809 518 2042 556 naturam
2062 541 2076 562 ‚

325 586 380 622 ut
401 573 537 621 illam
559 585 731 620 tamen
750 587 859 619 non
881 569 1173 632 assequatur.
1254 569 1353 618 Sed
1377 583 1471 617 nec
1504 567 1679 616 clarius
1709 568 1876 619 lucem
1898 571 2079 620 illumi·

324 649 448 686 nant
471 671 482 686 ,
514 637 601 697 qui
621 668 634 689 ‚
666 635 820 699 plenis
855 635 1196 698 igniculorum
1229 631 1434 689 effluvijs
1457 631 1578 686 ,sese
1606 630 1780 680 dicunt
1801 631 1829 680 a
1849 633 2078 698 Cynthio

324 695 549 768 illustrari
576 716 588 746 ε
636 714 757 746 nam
778 731 792 752 ,
827 713 949 746 cum
971 696 1307 761 Empedocle,
1342 696 1518 744 lumen
1541 693 1634 743 effe
1646 697 1964 745 contendunt
1975 697 2082 746 sub-

325 763 597 811 tilissimam
635 761 896 810 flammam
929 793 942 814 ,
978 758 1007 807 a
1035 774 1253 823 corpore
1292 757 1464 807 lucido
1500 759 1906 820 quaquaversum
1941 758 2083 810 diffu-

330 825 433 874 sam
455 859 467 879 ,
505 827 555 875 ὃς
579 836 906 893 propagatam
929 824 1081 884 usque
1100 822 1162 871 ad
1183 823 1409 871 oculum.
1478 823 1554 869 En
1576 823 1586 869 Σ
1624 820 1909 886 oppositam
1930 824 2083 885 quali-

330 891 418 938 tati
438 888 666 942 mirabili,
681 903 791 936 non
820 887 1103 936 mxi-abilon
1132 884 1300 942 minus
1332 880 1667 933 substantiam.
1735 883 1972 938 Substantia
1994 883 2081 941 est,

329 967 440 1016 quae
455 985 467 1006 ‚
498 952 741 1014 qualitatis
761 947 933 1004 instar,
970 962 1272 1013 propagatur
1292 947 1356 996 sic
1377 945 1605 999 ininstanti
1619 979 1631 1000 ‚
1647 957 1704 994 ut
1725 947 1789 994 ad
1811 949 2086 998 minimum

329 1019 408 1066 sex
431 1015 682 1063 milliones
703 1014 842 1078 supra
876 1013 1090 1061 ducenta
1128 1012 1429 1075 septuaginta
1457 1009 1580 1058 orfito
1608 1009 1897 1059 milliarium
1930 1012 2087 1062 millia

330 1080 610 1128 emetiatur.
679 1076 915 1129 Substantia
935 1072 1030 1127 est,
1068 1090 1176 1137 quae
1199 1073 1399 1122 infinitis
1427 1071 1632 1129 effiuvijs
1662 1105 1675 1126 ,
1711 1087 1798 1137 per
1819 1072 2007 1138 septem
2036 1077 2087 1126 δε

328 1143 575 1206 sexaginta
604 1141 704 1200 jam
735 1139 938 1190 saecula,
976 1138 1235 1188 Phoebum
1282 1132 1492 1185 minime
1532 1136 1714 1183 minuit
1735 1169 1750 1189 ,
1787 1136 1871 1184 etfi
1907 1136 2080 1186 diebus

327 1205 526 1270 singulis
540 1238 553 1258 ,
569 1205 901 1267 quantitatem
922 1204 1188 1254 emitteret,
1209 1200 1370 1264 globo
1392 1212 1658 1260 terraqueo
1681 1200 1942 1260 aequalem.
1985 1199 2089 1246 Sub-

322 1267 486 1324 stantia
509 1265 604 1322 est,
640 1283 750 1330 quae
782 1266 1048 1314 occidente
1061 1265 1264 1314 Phoebo
1290 1297 1302 1318 ‚
1339 1263 1418 1312 vel
1450 1274 1726 1310 momento
1755 1258 2017 1310 destruitur
2037 1261 2091 1311 si.-
2150 1292 2160 1302 2

329 1348 398 1381 ne
416 1330 558 1380 causti
581 1364 594 1384 ,
631 1331 710 1380 vel
738 1330 857 1378 latet
882 1331 934 1377 in
957 1328 1210 1393 diaphano
1243 1329 1357 1374 aere
1377 1359 1390 1380 ,
1420 1327 1543 1388 quin
1575 1325 1817 1374 videatur.
1885 1327 2088 1379 Taceo,

332 1392 480 1459 quod
499 1397 551 1443 in
576 1391 925 1442 decussationis
955 1393 1173 1440 minimo
1202 1390 1390 1454 prineio
1416 1422 1429 1442 ,
1464 1387 1644 1436 infiniti
1669 1387 1908 1450 igniculi,
1944 1390 2093 1438 omni

333 1474 392 1507 ex
409 1456 756 1522 hemisphaerio
779 1455 1057 1510 confluant,
1072 1455 1193 1516 quin
1214 1451 1609 1503 confundantur,
1630 1450 1723 1498 sese
1744 1451 1919 1499 uniant
1933 1484 1946 1505 ,
1968 1453 2093 1514 quin

333 1534 682 1587 penetrentur,
697 1517 898 1568 ulterius
924 1529 1146 1582 pergant,
1167 1517 1291 1578 quin
1309 1514 1635 1562 retardentur.
1704 1513 1840 1561 Sileo
1861 1516 2093 1563 innume.-

333 1601 410 1636 ras
432 1599 683 1650 pororum
711 1583 851 1631 series
874 1583 994 1630 citra
1012 1577 1354 1631 obstaculum,
1375 1574 1653 1625 reetissimas
1675 1576 2096 1638 corpusculorum

336 1649 489 1698 lineas
503 1650 622 1696 citra
645 1646 1086 1711 impedimentum.
1151 1644 1280 1692 Non
1302 1641 1613 1689 comemoro
1627 1674 1640 1689 ‚
1664 1638 1913 1699 visionem
1929 1639 1998 1688 nil
2017 1639 2095 1688 fo-

338 1709 510 1766 re,nisi
540 1710 880 1758 titillationem
908 1705 1250 1759 merissimam,
1283 1702 1478 1766 aliaque
1504 1704 1770 1750 innumera
1797 1735 1811 1756 ,
1847 1717 1958 1764 quae
1985 1703 2097 1751 Gri-

341 1774 518 1825 maldo
532 1773 727 1832 Judice,
747 1773 951 1817 videntur
970 1783 1060 1816 tam
1084 1771 1190 1815 dura
1203 1803 1215 1819 ‚
1237 1780 1287 1814 ut
1309 1784 1389 1813 non
1409 1766 1483 1824 mfi
1503 1764 1529 1812 ἂ
1556 1763 1821 1825 robustiffimo
1839 1765 2097 1812 struthionis

333 1838 547 1895 stomacho
576 1836 723 1897 poffint
763 1836 973 1897 concoqui.
1074 1832 1135 1881 Id
1157 1846 1254 1895 ego
1276 1830 1432 1879 sentio
1459 1831 1512 1877 in
1534 1827 1627 1877 hac
1646 1828 1746 1881 lite,
1772 1828 1842 1876 nil
1860 1829 1911 1875 in
1931 1827 2099 1877 Philo·

341 1900 517 1966 sophia
536 1899 792 1948 obscurius
813 1899 949 1952 luce,
970 1912 1079 1959 quae
1100 1895 1208 1959 quo
1227 1891 1387 1959 magis
1406 1892 1680 1942 elucidatur
1694 1924 1707 1947 ,
1730 1888 1794 1941 eo
1820 1891 2098 1947 majoribus

343 1964 623 2016 involvitur
647 1962 878 2010 tenebris

475 2027 609 2077 LEU
614 2026 674 2074 C:
744 2023 964 2073 Forsitan
980 2023 1051 2078 ,de
1070 2023 1249 2072 colore
1266 2022 1442 2070 certius
1463 2018 1588 2068 feret
1607 2017 1864 2076 judicium
1874 2015 2100 2065 Philoso-

347 2090 490 2158 phia?
553 2090 710 2136 MEL:
776 2087 994 2136 Falleris:
1032 2085 1311 2138 fatendum,
1344 2083 1487 2146 quod
1514 2097 1588 2130 res
1620 2077 1713 2128 est:
1751 2094 1872 2128 cum
1899 2079 2098 2134 multis,

350 2158 437 2220 qui
458 2167 630 2202 tamen
654 2150 886 2199 oculatos
910 2150 954 2198 se
972 2149 1207 2202 credunt,
1228 2148 1501 2204 judicamus
1524 2143 1578 2192 ut
1602 2145 1742 2195 caeei3
1778 2158 1899 2190 nam
1919 2142 2102 2199 judica-

355 2233 492 2271 mus,
520 2231 630 2264 non
656 2212 800 2277 quod
821 2213 1078 2264 videmus,
1108 2212 1190 2260 sed
1216 2209 1380 2276 potius
1410 2207 1553 2271 quod
1582 2222 1691 2254 non
1722 2205 1977 2255 videmus:
2013 2218 2101 2254 co-

355 2283 486 2330 lores
519 2289 869 2344 permanentes
898 2277 1149 2328 videmus,
1176 2278 1225 2323 ὃς
1254 2288 1371 2322 cum
1402 2272 1514 2319 luce
1544 2270 1754 2318 dicimus
1780 2268 2098 2316 transeuntes.

354 2344 555 2406 Percipe
565 2342 815 2406 paradoxa
831 2339 1210 2401 judicia,quibus
1228 2336 1400 2384 forum
1414 2332 1819 2396 Philosophicum
1831 2327 2101 2395 perstrepit.

360 2407 614 2457 Clamant,
632 2419 761 2465 qnos
773 2404 1079 2467 Peripatetici
1102 2401 1288 2465 spiritus
1315 2399 1555 2450 animant,
1581 2396 1748 2445 Color
1780 2395 1980 2453 Qalitas
2003 2389 2097 2440 est:

361 2472 429 2519 ita
447 2465 777 2529 Philosophus
805 2467 1037 2513 Veritatis
1058 2466 1318 2526 interpres:
1356 2459 1420 2508 fic
1442 2462 1595 2508 unico
1625 2457 1808 2511 verbo,
1829 2458 1969 2504 litem
1994 2455 2104 2504 lon·

362 2545 481 2596 gam
503 2529 739 2579 decidunt
762 2529 1019 2579 Laconici.
1102 2528 1201 2578 Sed
1220 2524 1492 2577 reclamant
1521 2523 1616 2578 illi,
1634 2523 1720 2584 qui
1741 2519 2105 2628 veritssss-'lnon

1953 2595 1967 2627 1
1990 2593 2044 2629 0-
