2222 2905
105 289 322 337 hoson-

414 85 475 141 48
500 109 510 125 -7
538 72 559 84 ”
976 80 1175 135 Flamma
1210 82 1475 130 Promethei.

352 183 423 229 ria
444 179 565 242 quid
585 178 779 227 dicam?
831 173 1131 242 Mysterium
1149 177 1253 229 hoc
1274 192 1460 229 naturae
1481 191 1584 228 tam
1611 195 1856 245 magnum
1878 177 1965 235 est,
1989 180 2117 232 taim-

353 258 453 307 que
477 242 825 296 reconditum,
845 253 901 289 ut
927 253 1061 290 extra
1085 242 1131 290 se
1160 243 1543 307 propemodum
1572 256 1763 309 raptus,
1785 243 2118 311 Philosopho-

353 322 466 354 rum
486 305 683 353 Phoenix
700 301 1008 369 Augustinus
1023 337 1036 359 ,
1060 307 1109 352 in
1134 305 1238 354 haec
1259 307 1409 354 verba
1429 309 1736 372 proruperit:
1788 309 1953 367 Magna
1971 313 2038 355 vis
2059 309 2115 363 est

304 385 314 394 ·
355 372 593 415 memorc'ae:
636 368 790 426 nefcio,
822 369 929 430 quod
956 368 1208 414 horrendum
1237 371 1405 416 DEUS-
1432 374 1581 417 mem!
1626 368 1839 431 profitnda
1869 373 1924 417 ἔφ’
1949 370 2118 430 infinita

355 432 672 492 multiplicitas,
699 434 755 478 ἐφ
774 431 850 476 hoc
872 433 1036 476 animus
1059 429 1113 483 eft
1135 466 1145 481 ‚
1178 433 1234 477 (Τ
1261 432 1337 478 hoc
1369 432 1449 491 ipse
1461 432 1573 488 fitm.
1673 434 1756 481 Dc
1784 434 1910 481 illius
1938 430 2120 483 na'tura·

355 498 405 545 δε
419 495 591 543 indole
610 494 714 542 hoc
727 508 886 542 unum
901 494 1140 541 novimus
1154 527 1166 547 ‚
1181 491 1324 556 quod
1338 491 1458 542 teste
1470 495 2123 557 Damascenafitpromptuas

353 560 467 604 rium
499 560 670 608 animae,
703 572 812 619 quo
840 554 1177 605 diverfiffimas
1205 559 1376 622 recipit
1407 558 1588 629 species
1611 591 1623 612 ‚
1665 571 1883 623 receptas
1913 563 2119 614 retinet,

354 632 567 669 retentas
591 620 653 668 ad
674 620 938 681 obsequia,
968 622 1017 668 <Sc
1037 619 1321 668 functiones
1344 636 1521 669 animae
1551 621 1761 670 fideliter
1789 622 1967 671 reddit.
2035 623 2120 673 De
2160 618 2191 652 ’-

355 684 565 732 artificio
590 684 871 732 divinamus
892 682 1076 735 multa,
1107 685 1348 732 miramur
1376 684 1614 748 plurima,
1643 686 1818 733 scimus
1848 701 2120 750 propemo-

305 803 315 813 θ
356 747 481 796 dum
510 746 648 795 nihil.
717 745 983 811 Ingredere
1014 761 1133 793 cum
1156 743 1447 810 Augustino
1477 750 1687 806 ingentem
1708 763 1916 794 memo-me
1935 751 2116 800 Aulam,

355 812 407 858 in
430 811 540 859 aula
562 811 742 858 mirare
763 809 1150 857 innumerabiles
1178 807 1410 863 receffus,
1433 811 1485 857 in
1513 809 1771 859 recessibus
1796 810 1986 860 infinita
2008 828 2122 876 pro-

391 873 642 922 emodum
661 872 958 938 penetralia,
984 872 1189 934 quibus,
1214 873 1369 924 veluti
1390 873 1608 921 totidem
1633 872 1957 938 repositoriis,
1977 877 2123 923 mini-

354 940 372 987 1
398 939 504 987 erio
532 936 786 990 sensuum,
816 947 896 983 tot
915 950 1086 983 rerum
1110 938 1350 1000 imagines
1368 936 1729 985 reconduntur.
1798 937 2003 988 DEUM
2030 939 2122 986 im-

352 1000 627 1052 mortalem
652 1002 662 1048 !
714 1000 860 1062 quale
882 998 1171 1064 prodigium
1187 1032 1199 1053 ‚
1222 998 1309 1047 nifi
1328 999 1461 1048 foret
1484 1000 1715 1064 vulgare?
1751 1001 1976 1063 impero,
1993 1001 2122 1050 &ad

353 1077 537 1114 nutum
554 1062 812 1128 profiliunt
833 1062 1031 1110 famulae
1060 1062 1238 1126 species
1262 1061 1362 1110 fine
1383 1075 1556 1111 motu:
1594 1062 1668 1110 hae
1688 1063 1894 1126 segnius,
1916 1079 2122 1129 promp-

355 1128 450 1177 tius
473 1128 564 1175 illae
585 1128 855 1190 imperium
871 1125 1086 1173 audiunt
1111 1124 1211 1173 fine
1231 1124 1389 1174 sensu:
1443 1141 1578 1174 nunc
1607 1128 1901 1174 catervatim
1930 1125 2031 1174 fine
2053 1127 2121 1174 le—

353 1207 433 1256 ge,
447 1205 583 1239 nunc
604 1190 649 1238 se
672 1189 718 1237 se
736 1186 906 1240 fistunt
925 1187 1290 1251 imperturbato
1317 1188 1493 1236 ordine
1511 1187 1610 1236 fine
1631 1189 1785 1236 duce:
1815 1191 1923 1246 -jam
1941 1204 2123 1253 vagan-

355 1268 436 1303 tur
455 1269 542 1319 per
561 1253 824 1302 cerebrum
839 1285 852 1306 ,
872 1251 953 1300 sed
976 1251 1078 1300 fine
1103 1248 1321 1316 strepitu,
1342 1252 1442 1308 jam
1463 1252 1664 1300 ordines
1685 1251 1902 1305 turbant,
1915 1252 1997 1300 sed
2019 1251 2121 1301 fine

355 1317 595 1367 tumultu.
679 1317 738 1365 In
773 1312 982 1364 obscurfi
1019 1314 1173 1363 veluti
1217 1312 1417 1363 cameri
1459 1313 1803 1379 repraesentant
1852 1317 2120 1381 praeterita,

359 1379 481 1431 cum
504 1379 597 1429 fint
626 1378 880 1444 praesentes
907 1396 917 1426 ι
970 1393 1045 1426 res
1077 1393 1282 1442 magnas
1306 1411 1320 1431 ,
1355 1378 1479 1425 dum
1518 1378 1862 1441 mz‘gnitudine
1895 1390 2121 1431 careant5

359 1444 651 1497 immensas,
676 1441 796 1491 cum
813 1454 986 1490 tamen
1012 1442 1152 1489 mole
1179 1438 1504 1489 destituantur
1525 1460 1534 1487 :
1589 1455 1697 1502 quae
1719 1441 2025 1495 audivimus,
2048 1457 2122 1490 re-

359 1520 537 1572 petunt
558 1506 659 1555 fine
687 1521 842 1560 voce,
867 1520 975 1568 quae
996 1504 1239 1558 vidimus,
1259 1500 1541 1552 monstrant
1560 1502 1818 1552 fineluce:
1872 1503 1973 1552 fine
2001 1505 2122 1553 luxu

361 1572 598 1620 convivia
618 1568 878 1623 exhibent,
902 1568 1030 1616 bella
1052 1567 1152 1615 fine
1175 1567 1400 1632 sumptu,
1417 1566 1518 1615 fine
1545 1563 1670 1615 fastu
1691 1566 1991 1630 triumphos.
2062 1569 2122 1616 In

359 1634 454 1683 hac
477 1635 738 1682 memoriae
757 1632 977 1697 specula,
1000 1646 1130 1693 quos
1159 1632 1283 1685 vidi,
1306 1631 1458 1679 video
1486 1630 1711 1684 colores,
1739 1632 1788 1679 &
1815 1630 2038 1677 discerno
2069 1632 2123 1679 in

360 1697 599 1746 tenebris:
652 1696 901 1744 clamores
912 1695 1208 1743 Stentoreos
1227 1696 1280 1742 in
1305 1693 1500 1742 silentio
1522 1693 1761 1741 arbitror:
1798 1692 1922 1741 lecta
1947 1694 2122 1758 relego

360 1761 462 1810 fine
483 1761 617 1809 libris
632 1793 645 1813 ‚
666 1758 794 1807 dista
815 1770 991 1823 repeto
1005 1791 1018 1811 ,
1039 1757 1319 1820 quiescente
1340 1754 1532 1820 lingua:
1569 1771 1704 1804 nunc
1723 1755 1928 1804 advoco
1954 1755 2124 1804 absen-

360 1838 433 1874 tes
461 1826 679 1876 amicos,
701 1825 750 1872 <Sc
770 1837 893 1870 mox
917 1820 972 1869 ut
994 1820 1248 1885 praesentes
1273 1821 1318 1868 se
1335 1817 1528 1868 sistunt:
1580 1835 1715 1868 nunc
1738 1818 1966 1867 resuscito
1987 1835 2125 1868 mor-

361 1902 504 1942 tuos,
529 1902 653 1935 mox
683 1886 857 1933 adsunt
888 1883 942 1933 ut
965 1885 1088 1934 vivi:
1145 1884 1258 1931 illos
1284 1886 1486 1932 intueor
1515 1881 1618 1930 fine
1646 1882 1832 1930 oculis:
1886 1882 2125 1944 alloquor

361 1952 462 2001 fine
493 1965 648 2000 voce:
698 1948 803 1997 fine
824 1947 1022 1996 auribus
1052 1947 1232 1996 audio:
1285 1945 1385 1995 fine
1410 1945 1638 1995 manibus
1664 1944 1928 1993 contrecto
1949 1947 2122 1997 ‚mini-

363 2011 449 2064 me
484 2014 614 2062 solus
639 2045 651 2066 ‚
699 2012 778 2061 vel
811 2010 932 2058 cum
967 2006 1186 2059 maxime
1220 2010 1366 2058 solus.
1467 2009 1596 2058 Illud
1626 2009 1753 2055 intra
1782 2009 1906 2056 mira
1928 2004 2123 2073 stupen-

366 2078 517 2131 dum,
546 2074 691 2139 quod
712 2076 764 2122 in
783 2075 1045 2121 memoriae
1065 2073 1267 2138 speculo
1290 2072 1426 2121 idem
1450 2072 1546 2136 ipse
1574 2069 1807 2119 mihimet
1838 2069 1923 2134 ipfi
1944 2086 2123 2120 occur-

365 2157 496 2188 ram:
534 2151 709 2204 repeto
734 2137 837 2186 fine
861 2137 1082 2189 afflone,
1105 2152 1213 2200 qua:
1236 2138 1336 2201 egi:
1368 2136 1562 2198 ,loquor
1582 2132 1686 2182 fine
1708 2134 1987 2188 locutione,
2010 2149 2121 2197 quae

366 2204 491 2252 dixi:
544 2203 715 2251 laetitiae
738 2216 862 2249 meae
892 2201 1129 2253 memini,
1154 2203 1276 2261 quin
1304 2198 1395 2247 fim
1423 2199 1584 2246 laetus:
1622 2193 1817 2245 tristitiae
1845 2199 2122 2253 recordor,

367 2269 489 2328 quin
510 2265 599 2314 sim
620 2261 786 2312 tristis:
823 2260 932 2312 imo
954 2264 1088 2311 laetus
1109 2262 1367 2315 tristitiam,
1390 2257 1529 2309 tristis
1550 2260 1669 2324 saepe
1693 2260 1854 2309 volvo
1875 2260 2119 2310 laetitiam:

365 2329 466 2378 fine
494 2331 678 2377 timore
706 2330 947 2376 timorem
971 2326 1174 2381 recolo,
1199 2325 1300 2374 sine
1327 2324 1594 2389 cupiditate
1622 2323 1731 2373 sum
1759 2338 1885 2372 meae
1917 2339 2124 2373 memor

366 2392 659 2458 cupiditatis.
780 2390 910 2438 Illud
939 2389 1157 2452 denique
1197 2384 1595 2452 inter'stupenda
1628 2387 1956 2441 miraculum,
1977 2384 2122 2449 quod

365 2471 475 2505 non
503 2452 702 2504 tantum
730 2454 991 2501 memoriae
1017 2486 1030 2505 ,
1070 2452 1150 2501 sed
1177 2455 1228 2502 ὅ(
1257 2466 1366 2500 non
1393 2451 1655 2499 memoriae
1694 2452 2002 2499 memoriam
2035 2449 2121 2498 ha-

367 2519 542 2573 beam,
562 2516 705 2585 ipfius
730 2528 849 2582 puta
871 2515 1168 2569 oblivionis:
1205 2510 1340 2565 adest
1365 2511 1485 2566 cum
1506 2509 1642 2564 abest
1663 2514 1919 2578 memoria
1933 2515 2018 2623 ‚sin
2040 2512 2123 2570 sua

1851 2590 1950 2641 prae
1972 2590 2057 2625 ens
2082 2626 2084 2629 ,
