2177 2905
407 96 499 143 140
973 81 1214 132 Academia
1241 82 1493 131 Brutorum.

342 170 456 226 raro
477 170 791 238 Philosophis
821 169 1233 237 praebet'gratum
1261 173 1314 220 in
1342 167 1460 219 aestu
1487 167 1873 226 umbraculum,
1892 170 1944 222 in
1971 173 2099 224 cutis

341 240 497 289 animi
520 237 885 288 levamentum.
987 237 1109 287 Haec
1138 235 1201 284 de
1222 236 1415 299 origine
1436 234 1565 288 loci,
1583 234 1709 284 illius
1737 232 1912 289 situm,
1935 235 2107 301 explo-

342 315 512 353 ratore
530 300 687 352 oculo
701 333 714 355 ,
753 298 945 364 ›ropius
967 300 1282 349 arbitremur.
1367 298 1469 347 En!
1505 298 1556 346 in
1579 297 1778 347 Orbem
1798 298 2017 363 plantata
2037 300 2109 350 vi·

340 377 442 420 ret,
463 360 619 428 seque
639 379 743 429 gyra
755 376 782 412 t
808 363 914 412 haec
940 363 1152 428 sylvula,
1175 365 1226 414 ὅ(
1255 364 1371 425 quia
1403 359 1699 411 ambulacris
1731 360 1999 420 umbrificis
2026 376 2105 412 ex-

338 441 539 484 ornata,
554 429 911 492 Peripateticos
937 426 1001 476 ad
1023 424 1375 490 disputandum
1393 425 1568 475 invitat
1585 457 1596 479 ,
1618 424 1782 474 obviae
1804 425 2000 491 semper
2020 440 2108 476 oc..

340 504 552 543 currunt
574 490 797 540 ferarum
817 491 959 539 variae
979 489 1184 554 species,
1209 504 1320 552 quae
1343 488 1467 538 dum
1489 487 1667 538 saltum
1686 486 1822 538 hunc
1852 491 2107 542 animant,

342 556 522 608 Dianae
542 554 722 620 gaudia
736 587 749 607 ,
768 552 951 618 Sophis
975 553 1197 618 praebent
1217 552 1467 610 jucundos
1489 551 1737 602 discursus.
1823 552 1930 603 Illic
1949 551 2110 602 eresta

343 620 455 670 sunt
491 620 705 673 vivaria,
725 616 808 667 hic
827 618 1034 671 aviaria,
1057 615 1147 666 suis
1169 628 1346 665 ornata
1365 614 1726 682 Philosophicis
1755 616 1944 666 exedris
1959 649 1973 669 ,
1997 631 2107 678 quae

344 682 621 733 virentibus
645 682 888 730 arborum
914 681 1064 729 ramis
1086 679 1398 734 inumbrata,
1432 691 1537 730 tam
1563 681 1876 728 concinnum
1902 679 2111 744 disputa-

344 748 474 795 tioni
498 748 727 810 aperiunt
756 746 1015 809 Lyceum,
1046 755 1101 793 ut
1127 742 1249 791 nihil
1282 743 1361 793 vel
1393 743 1456 791 ad
1480 742 1761 791 acuendam
1788 744 1976 806 Ingenii
2003 745 2108 791 vim

346 809 613 863 efficacius,
627 809 709 859 vel
729 808 791 856 ad
811 806 1129 855 excitandum
1151 806 1419 870 voluptatis
1440 803 1998 857 sensum,illecebros1us
2022 804 2111 854 fin-

345 876 394 938 gi
414 872 578 939 possit.
632 873 855 922 Excurrit
872 869 1170 919 hocnemus
1191 873 1243 918 in
1260 867 1639 932 pulchritudinis
1663 882 1779 915 rarae
1799 870 2109 931 pomarium,

346 936 493 1000 quod
515 949 651 1002 prata
679 931 887 984 amoene
909 933 1119 981 ridentia
1144 935 1461 993 conjungunt
1482 929 1644 979 Villae.
1744 930 1843 979 Sed
1863 933 1912 980 ὅ(
1940 926 2112 979 stridu-

345 1001 382 1051 li
400 1015 599 1054 amnes,
619 994 940 1064 lymphaeciue
970 991 1284 1059 crystallinae,
1310 992 1366 1042 ut
1391 993 1557 1047 vides,
1577 992 1821 1056 liquidam
1852 993 2113 1058 aspergunt

344 1066 527 1112 animo
550 1063 896 1126 voluptatem:
933 1073 1027 1106 nec
1052 1058 1227 1106 desunt
1253 1058 1414 1109 lacus,
1447 1052 1726 1119 divitesque
1755 1057 1975 1122 piscInae,
2000 1072 2109 1120 quae

344 1126 531 1192 Sophis
550 1127 682 1176 varia
707 1126 758 1172 in
783 1122 1052 1171 discursum
1078 1120 1302 1170 offerunt
1323 1121 1677 1184 experimenta.
1762 1123 1824 1170 Et
1846 1123 1986 1169 ecce!
2023 1117 2112 1168 sta·

347 1206 463 1241 mus
485 1189 547 1238 ad
570 1188 695 1237 villae
719 1186 948 1239 hortum,
966 1188 1017 1234 in
1039 1200 1145 1248 quo
1169 1183 1375 1249 superba
1402 1182 1456 1231 sit
1470 1183 1698 1238 Chloris,
1722 1183 1755 1232 si
1775 1182 1933 1248 magis
1959 1199 2114 1233 venu-

349 1251 482 1303 stum
504 1268 598 1317 pro
620 1252 700 1299 sua
723 1252 882 1314 Regia
897 1283 909 1303 ‚
932 1261 1065 1312 petat
1089 1249 1358 1297 decorem:
1397 1245 1479 1297 hic
1504 1248 1685 1298 oculos
1715 1259 1904 1296 recreat
1924 1247 2115 1296 florum

345 1320 575 1369 varietas,
591 1315 659 1364 ibi
676 1315 887 1364 alvearia
903 1311 1333 1376 Philosophorum
1359 1310 1582 1359 alliciunt
1608 1311 1858 1360 dilcursus.
1903 1311 2111 1359 Verbo:

349 1397 462 1431 non
490 1379 673 1432 video,
703 1375 848 1441 quod
876 1379 929 1427 in
963 1380 1152 1441 campis
1174 1374 1337 1440 Elysiis
1361 1374 1640 1438 quidquam
1667 1374 1861 1423 finxerit
1891 1373 2117 1424 fabulosa

347 1441 817 1508 Antiquitas‚quod
835 1439 937 1489 hoc
955 1441 1009 1488 in
1033 1441 1157 1490 loco
1176 1455 1286 1489 non
1315 1437 1495 1489 offerat
1517 1437 1607 1488 suis
1635 1439 1929 1488 Cultoribus
1954 1440 2115 1488 Natu-

352 1525 417 1559 tae
448 1519 735 1556 amoenitaS.

481 1571 680 1621 LEUC:
733 1569 782 1618 Si
806 1581 971 1619 tantus
989 1568 1111 1618 foris
1132 1564 1200 1616 est
1220 1566 1345 1616 villa:
1359 1566 1719 1628 lepos‚quanto
1739 1565 1942 1615 interius
1962 1563 2117 1613 abun-

352 1634 521 1684 dabit?
582 1634 691 1690 Eia!
741 1633 1097 1697 ingrediamur.
1208 1631 1384 1694 Quam
1413 1629 1567 1678 habet
1606 1642 1751 1693 porta
1783 1627 2114 1694 epigraphen?

351 1699 510 1748 MEL:
579 1697 749 1747 Genio
768 1697 871 1745 loci
899 1692 1330 1744 accommodam:

634 1759 732 1816 Este
749 1760 901 1821 procul
922 1760 1083 1806 tetricae
1098 1791 1111 1812 ,
1135 1771 1334 1803 curarum
1353 1756 1503 1807 taedia,
1524 1755 1681 1803 larvae:

760 1826 887 1871 Nam
897 1822 1022 1879 fizcra
1042 1821 1110 1867 hic
1129 1831 1309 1879 regnant
1327 1821 1417 1864 otia
1430 1854 1443 1869 ,
1466 1819 1560 1864 laeta
1578 1820 1713 1881 quies.

357 1891 457 1943 En!
493 1889 546 1939 in
565 1899 722 1954 portae
742 1888 1007 1936 cacumine
1029 1885 1130 1933 Bos
1150 1883 1292 1931 volat
1310 1882 1482 1934 alatus,
1503 1894 1704 1928 mutum
1728 1878 1960 1946 Angelici
1984 1881 2115 1932 sche-

354 1971 469 2006 ma:
518 1968 638 2002 nam
680 1951 884 2001 noveris
909 1981 922 2003 ,
951 1947 1088 1997 hunc
1116 1945 1380 2010 Angelum
1409 1946 1461 1993 in
1485 1942 1804 2008 Philosophia
1826 1978 1840 1999 ,
1867 1945 2055 1995 dietum
2085 1946 2115 1997 a

355 2016 725 2080 Condiscipulis
746 2018 909 2060 Bovem
937 2024 1128 2061 mutum,
1155 2007 1221 2059 eo
1247 2006 1391 2071 quod
1409 2009 1548 2072 plura
1571 2009 1840 2072 cogitaret,
1861 2008 2015 2071 quam
2045 2009 2115 2059 di..

354 2093 517 2131 ceret:
556 2095 650 2128 nec
671 2076 881 2126 diffenfit
904 2075 1001 2140 ipse
1030 2071 1283 2123 Professor
1295 2071 1535 2120 Albertus
1554 2072 1788 2133 Magnus,
1815 2087 1934 2120 nam
1950 2077 2115 2121 Bovem

355 2158 524 2192 mutum
552 2143 645 2192 effe
670 2140 890 2194 asseruit,
909 2139 973 2187 ad
991 2138 1129 2195 cujus
1152 2137 1422 2201 mugitum,
1436 2134 1564 2188 fore,
1588 2145 1644 2182 ut
1672 2135 2116 2186 contremiscerent

357 2211 567 2258 Tartara
582 2240 595 2260 ,
619 2209 668 2256 ὅ(
694 2200 1062 2269 obstupesceret
1085 2199 1338 2249 universus
1361 2197 1530 2247 Orbis.
1616 2197 1715 2246 Sed
1734 2198 1912 2247 Stoam
1942 2200 2115 2266 Ange-

358 2272 441 2320 lici
470 2270 843 2334 ingrediamur:
907 2267 1086 2316 Stoam
1115 2265 1334 2312 nomino
1365 2261 1496 2309 hanc
1528 2259 1716 2317 aedificij
1746 2261 1966 2317 Aulam,
1991 2279 2113 2314 nam

354 2334 514 2384 affixis
532 2332 768 2396 symbolis
788 2330 941 2378 refert
954 2328 1262 2392 Angelicum
1275 2324 1565 2377 Herculem,
1580 2325 1854 2373 Brutorum
1875 2329 2115 2378 omnium

356 2395 835 2456 Domitorem‚quia
859 2391 1131 2442 affestuum
1145 2392 1579 2455 Expugnatorem3
1615 2383 1730 2436 vere
1745 2389 2114 2453 Stoicum,quia

360 2460 706 2526 Apathicum3
737 2456 1003 2505 Vinorem
1023 2453 1235 2506 Mundi,
1265 2453 1379 2516 quia
1407 2452 1675 2501 Vffiorcm
1708 2449 1792 2500 sui.
1893 2453 1990 2502 En!
2026 2451 2111 2503 hic

362 2525 605 2578 Hercules
631 2519 868 2588 profligat
885 2518 1113 2586 Hydram
1129 2551 1144 2575 ,
1162 2516 1284 2569 cum
1306 2516 1483 2567 titione
1506 2514 1715 2568 accenso
1741 2517 1795 2568 in
1817 2514 1990 2630 superni
2012 2515 2110 2588 ‚dat

1897 2593 2045 2631 oerm-
