2177 2905
123 556 260 615 Joczn'.
270 568 294 598 2
302 567 341 599 2.

139 621 183 663 in
220 619 305 664 Ex-

155 694 276 728 Erav-

126 1019 367 1080 Adonachff‘

163 1097 301 1143 1591.

125 1148 343 1205 stargard.

164 1224 181 1255 1
197 1222 303 1269 597·

433 102 527 173 242
893 103 1314 174 'Tethnophylacium
1333 113 1569 174 Phyficum.

365 210 550 268 Testor
569 209 786 270 denique
806 205 1201 272 pretioiiffimam
1215 205 1619 271 Chrysurgorum
1638 217 1999 272 paupertatem,
2013 219 2114 270 qua

369 274 604 328 distillatis
627 272 804 328 divitiis
825 272 891 319 nil
917 270 1133 334 denique
1153 271 1282 320 aliud
1308 267 1566 335 recepere,
1593 268 1679 319 nisi
1708 273 1857 320 inane
1888 270 2113 334 marsupii

371 352 590 392 vacuum
604 369 616 392 ,
634 335 765 394 juxta
788 334 910 383 illud
933 335 1363 400 Epigrammatici:

655 400 764 445 Rem
783 399 951 444 decoxit
980 401 1094 443 iners
1114 399 1343 447 Chimicus‚
1376 397 1474 441 dum
1496 397 1690 458 decoquit
1708 412 1877 451 aurum,

727 464 788 508 Et
815 461 922 507 bona
948 462 1157 520 dilapidat
1170 462 1361 520 plurima
1381 471 1459 518 pro
1481 460 1633 520 lapide.

366 531 502 582 Sileo
520 541 599 578 tot
623 524 859 590 exemplis
889 520 1164 574 contestata
1181 522 1403 583 „ludibria
1419 555 1432 578 ‚
1463 522 1643 586 quibus
1661 523 1884 585 spondent,
1916 537 2020 588 quas
2041 538 2122 568 non

371 592 573 641 exhibent
594 591 790 640 divitias,
804 599 1012 649 pauperes
1035 587 1312 640 Alchimistae:
1335 587 1459 635 alios
1479 588 1631 634 ditare
1651 586 1980 651 praetendunt,
1995 585 2120 634 dum

373 658 497 706 alios
525 651 678 717 se'que
708 651 835 715 ipsos
867 650 1177 700 exhauriant:
1221 651 1339 699 hine
1365 651 1529 698 Leoni
1549 650 1610 697 X.
1649 648 1766 698 eum
1791 650 1982 714 Agyrta
2015 651 2120 710 qui-

373 721 521 772 dam,
561 719 697 767 Artis
729 714 971 764 Chimicae
1008 714 1189 763 librum
1227 714 1288 763 de
1317 729 1441 760 auro
1473 711 1797 761 conficiendo
1823 715 2120 775 porrigeret,

372 780 660 844 munusque
683 795 787 827 non
813 778 1072 839 mediocre
1097 777 1406 841 exspectaret,
1427 775 1657 823 Pontifex
1688 773 2028 836 sagaciffimus,
2044 789 2122 823 va-

371 848 510 896 nitati
536 844 760 893 hominis
784 841 1031 894 illui‘uruS,
1060 854 1356 888 crumenam
1390 836 1607 899 pecuniis
1644 851 1880 888 vacuam,
1903 840 2123 886 muneris

372 907 515 961 loeo,
538 906 750 955 reddidit
765 938 777 956 ‚
801 903 1008 952 afferens
1023 935 1035 954 ‚
1055 918 1162 950 non
1177 901 1273 948 fine.
1289 898 1379 946 risu
1393 898 1651 961 despotieo
1667 931 1678 952 ‚
1695 898 1813 946 eum
1830 897 2122 964 Chrysopae—

371 974 471 1031 iam
494 968 680 1021 nosset,
705 980 876 1031 praeter
895 979 1190 1013 crumenam
1211 963 1278 1011 illi
1298 959 1590 1025 nilamplius
1621 961 1931 1011 defuturum.
1987 965 2116 1013 Non

378 1034 535 1085 affero
557 1035 801 1080 sexcentas
823 1028 1054 1080 fraudes·
1109 1027 1249 1076 uibus
1274 1021 1541 1090 postquam
1568 1023 1728 1074 lusere
1752 1026 1875 1073 alios
1894 1025 1944 1074 hi
1976 1026 2121 1075 fumi-

379 1097 581 1149 venduli
606 1089 913 1159 Impostores
929 1124 941 1143 ‚
969 1091 1182 1153 deniqtie
1205 1094 1252 1140 ὃ(
1278 1087 1360 1154 §pli
1394 1085 1664 1136 miserrime
1691 1087 1840 1136 delusi
1861 1087 2032 1138 finiere
2056 1093 2125 1140 vi-

379 1174 509 1213 tam,
533 1161 655 1207 Fato
683 1151 828 1222 plane
858 1169 1039 1205 aureo,
1067 1156 1180 1216 quia
1213 1155 1263 1200 iu
1297 1153 1523 1215 patibulis
1561 1152 1804 1200 deauratis
1834 1168 1941 1200 non
1972 1153 2121 1202 semel

378 1235 615 1287 excepto,
636 1234 690 1269 ut
709 1218 912 1269 cuilibet
932 1230 1144 1282 pateret,
1166 1213 1276 1281 pQst
1296 1219 1448 1264 vitam
1473 1229 1577 1264 tarn
1600 1230 1803 1263 auream
1824 1248 1836 1269 ‚
1859 1231 1964 1265 non
1985 1215 2123 1281 poffe

379 1303 487 1336 non
509 1286 642 1346 sequi
666 1296 890 1331 mortem
909 1285 960 1328 in
979 1281 1246 1345 conspeetu
1268 1280 1542 1328 hominum
1566 1279 1817 1341 aequaliter
1835 1279 2120 1343 pretiosam.

505 1347 704 1399 LEUC:
772 1348 821 1395 Si
842 1346 906 1392 ita
925 1340 1010 1393 est,
1034 1344 1291 1408 praeplaeet
1314 1344 1538 1407 Stagirita
1559 1357 1759 1406 pauper,
1780 1341 1934 1404 quam
1955 1341 2124 1394 Philo-

379 1413 590 1478 sophico
621 1410 852 1475 superbus
881 1407 1068 1472 lapide,
1091 1423 1198 1471 quo
1228 1423 1335 1455 non
1368 1412 1639 1469 augentur,
1662 1405 1742 1453 sed
1772 1404 1937 1469 potius
1970 1405 2122 1455 auetae

381 1475 714 1541 dilapidantur
746 1487 885 1536 opes.
987 1471 1172 1519 Artem
1201 1470 1329 1518 hane
1371 1465 1501 1518 male
1535 1468 1692 1516 asseris
1723 1469 2124 1532 Chrysopaeiam3

379 1556 488 1589 non
511 1542 646 1586 euim
669 1536 822 1584 docet
840 1549 1019 1583 aurum
1043 1533 1324 1586 conficere,
1345 1533 1424 1580 sed
1457 1531 1749 1580 eonfectum
1779 1531 1830 1581 in
1858 1533 2014 1581 furnis
2041 1548 2124 1581 an-

381 1602 605 1652 nihilare.
674 1596 880 1650 Verbo,
903 1597 1117 1660 displicet
1138 1596 1450 1659 Chryiiirgia,
1471 1607 1549 1643 tot
1569 1595 1824 1645 fraudibus
1845 1592 2032 1659 stipata,
2047 1607 2127 1644 tot

381 1664 608 1730 perieulis
628 1661 783 1709 cineta
800 1693 812 1710 ‚
837 1672 917 1707 tot
945 1658 1314 1706 difficultatibus
1336 1659 1578 1720 implexa,
1603 1671 1683 1705 tot
1712 1659 1930 1714 ludibriis
1960 1658 2124 1722 profa-

380 1740 518 1779 nata,
539 1738 617 1773 tot
640 1724 921 1778 infortunijs
946 1721 1194 1771 obnoxia:
1232 1719 1448 1783 displicet
1460 1716 1691 1773 Chimi'a,
1725 1735 1822 1781 qua
1843 1721 2124 1782 eliquantur

382 1791 518 1839 aurei
546 1799 777 1838 montes,
799 1795 1090 1846 coquuntur
1117 1783 1269 1835 fumi,
1294 1785 1342 1831 ὅ(
1374 1781 1580 1830 tandem
1608 1782 1776 1845 prodit
1807 1784 1954 1830 inane
1982 1782 2119 1831 nihil.

382 1854 658 1904 Meliorem
680 1849 809 1896 doee
828 1848 925 1904 jam
940 1845 1415 1909 Chrysopaejam‚cui
1434 1844 1567 1891 suam
1589 1844 1751 1892 utilius
1771 1860 1976 1908 operam
2003 1860 2126 1893 eon-

382 1913 808 1977 secret‚ternporis
834 1911 1070 1958 moderni
1093 1907 1307 1973 Sophus.
1375 1908 1532 1953 MEL:
1601 1907 1746 1955 Hane
1770 1907 1923 1955 docet
1945 1908 2127 1956 Alber—

383 1994 461 2028 tus
484 1982 663 2028 virtute
686 1972 867 2023 merito
899 1975 1139 2036 Magnus:
1180 1973 1361 2020 Artem
1385 1969 1552 2023 docet,
1577 1983 1674 2031 qua
1700 1986 1755 2018 ex
1777 1969 2006 2033 quolibet
2025 1969 2127 2019 effi-

384 2046 480 2091 cias
504 2039 792 2104 quodlibet,
813 2052 867 2084 ex
893 2035 1133 2100 lapidibffis
1153 2048 1330 2083 aurum
1347 2065 1360 2086 ,
1380 2048 1437 2082 ex
1464 2034 1574 2082 luto
1595 2048 1848 2097 gemmas,
1872 2034 1919 2082 <St
1943 2044 2126 2082 trunco

385 2106 714 2156 Mercurium.
785 2099 1087 2163 Symbolum
1110 2098 1288 2164 aspice:
1325 2098 1432 2160 quod
1458 2095 1588 2148 libet,
1613 2100 1735 2142 ecce!
1769 2097 1893 2144 licet:
1931 2098 1974 2142 in
1993 2098 2126 2143 mani-

384 2169 460 2215 bus
481 2167 672 2223 misfimt
690 2165 850 2222 sbi-tes:
923 2165 1058 2212 Nam

669 2227 811 2275 Rebus
834 2230 876 2270 in
895 2227 1086 2271 huminis
1105 2229 1206 2275 ,Ars
1224 2225 1389 2282 stimma
1415 2224 1664 2272 Intentio.-
1699 2223 1846 2270 cunffa

739 2294 805 2337 Ex
829 2291 983 2339 nihilo,
1007 2289 1027 2333 ὃ
1051 2289 1206 2334 εκῑ-ῑὲῗὶς
1225 2286 1350 2347 efficit
1381 2289 1451 2332 illa
1471 2287 1593 2333 nihil.

389 2357 509 2406 Haee
529 2355 748 2403 intentio
762 2350 1049 2402 Christianae
1068 2354 1177 2400 vitae
1201 2354 1370 2396 unicum
1391 2346 1460 2396 est
1480 2347 1768 2408 neceffizrium:
1816 2349 1919 2399 haec
1942 2347 2123 2415 Myste-

388 2422 518 2468 rium
538 2414 690 2465 nostri
714 2417 954 2480 temporis
974 2414 1330 2479 Philosophiae:
1367 2411 1472 2461 haee
1493 2414 1673 2477 Magiae
1693 2412 1975 2463 Artificialis
1998 2429 2130 2462 area-

387 2497 515 2530 num
537 2476 603 2528 est
627 2480 963 2544 paradoxum:
1001 2477 1106 2527 haee
1130 2493 1282 2530 meae,
1302 2491 1453 2539 quam
1481 2477 1657 2525 tradidi
1676 2475 1930 2531 haetenuS,
1949 2476 2129 2526 clo-stri-

390 2561 463 2597 nae
486 2545 738 2610 epitome,
776 2554 828 2591 ut
847 2557 1030 2608 nempe
1062 2540 1258 2592 efficere
1287 2540 1434 2590 diseas
1458 2557 1511 2587 ex
1541 2541 1672 2588 nihilo
1705 2541 1895 2604 aliquid,
1914 2541 2128 2650 exlleiquo

1892 2617 1958 2650 me
1976 2616 2057 2653 lus.»
