2177 2905
730 101 879 162 Janus'
907 99 1098 164 Bistons.
1627 114 1722 163 217

38 193 166 258 furto
175 197 327 258 patuit
335 194 490 258 janua,
500 196 597 254 sera
607 195 707 253 sera
728 195 799 250 est.
834 199 885 248 Si
900 197 1145 263 temporis
1164 210 1422 262 praecones
1439 195 1491 247 hi
1513 196 1787 264 displicent,

46 260 204 309 alium
229 261 392 311 Gallia
426 256 839 318 subministrabit,
868 261 1197 311 Ludovicum
1221 261 1318 316 XI,
1347 264 1432 324 qui
1461 261 1645 312 ultimo
1671 277 1788 328 pro-

43 319 218 373 stratus
235 324 449 379 morbo,
462 325 825 388 quinquaginta
843 325 1073 388 quotidie
1094 340 1291 379 aureos,
1315 324 1592 374 Archiatro
1619 327 1790 375 aulico

42 390 353 444 numeravit,
376 399 432 437 ut
458 388 539 438 vel
559 403 648 453 per
669 389 766 438 diei
793 389 1004 455 spatium
1027 390 1184 439 vitam
1204 387 1294 437 fibi
1320 387 1660 452 protraheret:
1707 389 1791 438 sed

25 447 246 504 ‘frustras
267 466 390 500 narn
411 467 532 500 cum
556 454 712 501 aureis
733 454 891 502 vitam
914 468 1118 501 auream
1140 451 1372 516 perdidit.
1450 453 1792 516 Purpuratum

43 516 276 565 Fortunae
298 515 498 580 pullum
527 515 666 564 dabit
694 518 825 580 regia
838 516 1014 566 Caroli
1035 517 1223 579 quinti,
1246 517 1332 579 qui
1354 516 1405 563 in
1430 516 1610 563 mortis
1628 515 1790 581 confi·

39 578 158 637 nio,
177 592 273 642 pro
292 590 374 628 tot
392 594 650 628 annorum
669 579 916 643 obsequiis
948 595 1106 628 unam
1129 580 1334 629 unicam
1358 577 1599 629 horulam
1618 575 1786 645 petiit:

39 639 124 691 sed
149 637 354 695 frustra3
384 657 480 708 pro
502 642 756 708 epitaphio
778 643 978 706 reliquit
996 642 1149 691 illud:

325 709 504 755 Damna
525 704 610 766 fleo
630 723 774 754 rerum
788 742 800 758 ‚
815 706 888 764 sed
905 705 1007 767 plus
1025 703 1110 764 fleo
1130 707 1284 752 damna
1306 707 1497 754 dierum.-

327 772 427 817 Rex
438 772 586 830 potuit
606 768 731 817 rebus
748 769 1022 828 flaccurrere,
1044 785 1164 815 nemo
1190 768 1352 817 diebus.

169 831 369 886 LEUC:
436 834 500 882 Et
519 833 669 889 mihi,
692 846 751 883 ut
770 833 942 887 fatear,
963 828 1051 881 ista
1069 831 1231 898 figunt
1258 833 1516 884 aculeum:
1554 832 1588 884 fi
1606 835 1658 884 in
1675 834 1787 886 vitae

40 909 170 946 meae
190 897 502 945 memoriam
520 897 677 946 redeo
692 930 705 952 ,
724 896 846 945 libet
874 896 1174 945 exclamare:

393 963 432 1007 0
459 960 566 1006 mihi
578 962 820 1020 praeteritos
842 958 1007 1018 referat
1019 959 1057 1020 fi
1067 960 1255 1022 Jupiter
1275 964 1435 1008 annos!
2034 1014 2035 1017 Ἴ

42 1021 144 1073 Sed
165 1036 353 1088 nempe
372 1021 478 1072 haec
496 1038 635 1072 nova
662 1025 963 1088 proprietas:
1817 1029 2033 1077 Ovid.l.6.

585 1089 716 1145 Fugit
737 1084 1022 1157 irrevocabile
1041 1084 1220 1147 Tempus
1231 1105 1259 1151 :-
1819 1090 1931 1147 Fast.

457 1150 561 1196 Nec
578 1165 664 1212 quae
678 1142 912 1209 praemit,
941 1150 1047 1195 hora
1071 1152 1210 1196 redire
1223 1150 1373 1211 potest.

108 1215 266 1261 MEL:
335 1213 540 1267 Fateor,
561 1212 686 1276 fugit
709 1212 1063 1266 irrevocabile,
1086 1229 1195 1261 non
1218 1226 1390 1263 tamen
1408 1213 1536 1281 fugit
1556 1216 1788 1282 irrepara-

44 1275 161 1326 bile.
232 1275 471 1326 Advertit
497 1273 793 1339 Mysterium
820 1272 949 1324 istud
968 1276 1242 1338 Aquilinos
1260 1278 1564 1328 San&orum
1584 1280 1787 1335 oculos,

46 1341 135 1402 qui
148 1341 298 1404 proin
317 1342 472 1387 varias
492 1341 712 1402 tempori
723 1338 1024 1388 redimendo
1042 1337 1565 1391 industriasinvenere.
1603 1344 1644 1392 E
1663 1358 1788 1392 con-

46 1403 156 1454 filio
178 1402 491 1452 D0Anselmi
509 1412 675 1462 tempus
697 1403 943 1448 redimimus
957 1434 971 1455 ,
994 1404 1158 1465 quando
1185 1404 1284 1449 ante
1305 1403 1443 1451 ciffum
1465 1408 1606 1452 vitam
1622 1439 1636 1460 ‚
1658 1422 1785 1470 quam
1816 1413 1871 1458 In
1885 1407 1998 1471 epist.

45 1467 298 1525 lasciviendo
318 1466 603 1526 perdidimus,
618 1462 758 1523 flendo
782 1475 1045 1524 reparamus.
1114 1465 1349 1530 Angelici
1369 1466 1527 1523 suasu,
1550 1470 1671 1516 tant&
1694 1485 1786 1516 ma·
1815 1475 1868 1521 ad
1882 1474 1992 1536 Eph.

41 1531 110 1591 gis
125 1531 220 1592 quis
243 1527 366 1575 debet
389 1536 547 1574 vacare
571 1526 765 1588 operibus
785 1526 930 1579 bonis,
955 1527 1111 1591 quanti)
1132 1531 1259 1589 prius
1277 1529 1434 1584 institit
1456 1533 1596 1580 malis.
1685 1534 1786 1582 Sci-

47 1595 162 1642 licet
185 1591 482 1656 compensat
498 1591 690 1645 fervor,
710 1591 975 1656 tepiditatis
1003 1594 1192 1656 ignavae
1212 1609 1508 1648 moras,nec
1532 1593 1647 1645 raro
1668 1597 1786 1645 facit

47 1671 109 1705 ex
134 1653 411 1704 novissimis
431 1656 650 1719 primOS,
674 1653 739 1703 fic
759 1654 1084 1704 consumatos
1101 1658 1152 1705 in
1172 1656 1339 1711 brevi,
1362 1669 1418 1706 ut
1433 1670 1604 1707 tamen
1626 1660 1786 1724 exple-

45 1721 210 1769 verint
229 1731 462 1782 tempora
482 1718 659 1767 multa.
759 1718 1079 1774 Leucothee,
1102 1720 1360 1770 fervorem
1386 1719 1523 1770 huuc
1552 1722 1785 1787 frequen-

46 1796 122 1833 ter
149 1777 427 1830 exstimulet
454 1781 652 1831 fulmen
681 1781 802 1830 illud
823 1781 1204 1893 Apocalfpticae
1223 1784 1450 1846 Aquilae:
1496 1784 1676 1846 Tempus
1702 1803 1783 1833 non
1813 1767 2037 1818 cmm-⁶

46 1850 133 1893 erit
153 1845 347 1904 amplisu.
417 1847 752 1894 Renovemus
775 1860 984 1893 aureum
1010 1848 1026 1892 i
1048 1846 1133 1893 lud
1148 1847 1487 1910 epiphonema
1511 1848 1783 1912 Chrysolo-

49 1912 124 1974 gi:
161 1911 366 1953 vivamus
388 1910 518 1955 DEO
534 1908 758 1968 paululum
774 1942 786 1958 ‚
824 1911 899 1970 qui
908 1909 1056 1955 Saeculo
1073 1911 1264 1955 viximus
1282 1921 1448 1958 totum:
1484 1912 1673 1957 dedimus
1693 1929 1784 1960 cor·
1810 1899 1902 1947 507⁸·
1923 1908 1998 1955 32.

43 1975 144 2033 pori
166 1987 345 2022 annum,
366 1973 509 2017 demus
536 1973 682 2016 animae
701 1971 814 2016 dies:
849 1981 1014 2031 tempus
1040 1970 1110 2024 est,
1131 1984 1181 2017 ut
1201 1972 1425 2035 aliquando
1446 1973 1589 2020 domui
1616 1974 1784 2032 (aeter.

47 2032 244 2090 nitatis)
273 2036 593 2094 provideamus.

178 2097 378 2147 LEUC:
445 2099 520 2147 Ita
539 2093 630 2146 est:
661 2108 812 2159 atque
831 2108 886 2144 ut
904 2092 1159 2146 instantius
1180 2098 1554 2164 provideamus,
1569 2101 1631 2151 de
1654 2115 1785 2153 aeter«

50 2163 204 2211 nitate
224 2175 381 2224 pauca
406 2159 624 2210 ediffere.
724 2160 975 2209 Dedimus
997 2161 1138 2209 suum
1160 2164 1380 2226 tempori
1400 2175 1624 2229 tempus,
1644 2166 1790 2216 suum

50 2237 264 2288 quoque
291 2222 469 2271 demus
490 2224 769 2272 aeternitati:
806 2221 1055 2286 quamvis,
1077 2237 1131 2273 ut
1149 2223 1270 2273 nihil
1294 2225 1474 2280 celem,
1497 2228 1603 2292 ipso
1623 2232 1789 2278 norni-

51 2290 126 2337 nis
158 2285 386 2351 pondere
405 2285 473 2334 sat
490 2302 575 2335 me
592 2287 832 2336 aeternitas
853 2299 1058 2343 terreat,
1085 2287 1220 2345 juvat
1237 2287 1566 2340 nihilomiuus
1587 2291 1704 2341 scire
1729 2309 1790 2341 ae-

52 2351 385 2415 nigmaticum
407 2361 647 2414 etymon:
682 2365 802 2399 nam
825 2349 858 2399 fi
877 2348 1010 2400 forte
1029 2367 1165 2400 nunc
1192 2351 1369 2401 melius
1392 2353 1559 2410 sciam,
1573 2367 1695 2405 tunc
1716 2356 1789 2407 fe-

51 2413 192 2463 licius
217 2412 424 2461 sentiam
449 2413 790 2462 aeternitatem.
856 2416 1014 2461 MEL:
1079 2415 1271 2464 Sentire
1301 2418 1510 2480 poteris,
1533 2418 1650 2467 scire
1676 2435 1785 2468 non

52 2478 239 2542 poteris
254 2507 266 2529 ,
296 2475 418 2539 quid
438 2474 497 2525 fit
528 2478 792 2527 aeternitas:
841 2478 983 2541 quia,
1006 2479 1109 2542 quid
1135 2480 1235 2542 quid
1255 2479 1412 2527 dixeris
1430 2512 1442 2535 ,
1466 2481 1534 2530 D.
1550 2479 1787 2546 Augusti·
1811 2462 1866 2507 In
1877 2459 2027 2518 PfiGC’·

55 2555 127 2590 no
146 2541 175 2600 J
181 2539 343 2595 udice,
355 2541 493 2589 minus
511 2541 632 2592 dicis.
699 2541 750 2593 Si
772 2540 1261 2658 tamenESOphorum
1275 2543 1494 2595 Oracula
1511 2544 1645 2657 juvat
1665 2560 1786 2595 con-

995 2620 1025 2656 e
1563 2621 1591 2656 u
1615 2622 1719 2658 ere:
