2177 2905
653 94 892 149 Academia
908 94 1161 145 Brutorum.
1352 98 1359 107 '
1623 98 1643 136 1
1652 95 1714 144 25

29 189 193 306 posset
205 179 307 242 effe'
319 188 634 257 prudentius,
658 187 811 254 quam
834 191 885 239 in
901 187 1145 254 hypogeis
1163 186 1352 236 servare
1372 183 1553 234 horrea
1566 214 1580 237 ,
1599 178 1781 257 quibus

69 258 226 320 yemis
252 252 451 320 egestati
481 253 817 319 prospiciant?
859 254 983 316 quid
1018 252 1200 301 rationi
1235 249 1556 299 conformius
1578 277 1593 299 ²
1623 259 1779 321 quam

29 318 371 383 praemordere
404 332 558 393 grana
585 319 766 371 tritici,
798 331 862 364 ne
893 320 944 364 in
973 329 1184 382 germen
1217 312 1586 378 protuberent3
1621 323 1779 372 quam

30 382 263 435 Phoebo,
281 393 544 443 ventisque
570 394 847 446 exponere,
870 394 934 428 ne
957 379 1255 429 humiditate
1283 388 1422 424 terrae
1449 385 1782 436 corrumpan-

31 447 142 494 tur?
183 447 235 494 su
272 459 324 492 er
353 446 531 494 omnia
561 455 738 495 tamen
765 443 829 492 {ic
853 445 905 492 in
932 438 1167 491 industria
1197 440 1446 493 eminent,
1477 448 1533 487 ut
1565 437 1780 488 Numen

30 507 189 573 ipsum
207 509 239 555 il
262 522 311 556 as
336 520 470 556 creet
481 502 758 570 Magistras,
777 522 872 556 nos
895 507 1013 556 velit
1030 503 1123 554 esse
1135 502 1417 569 Discipulos
1437 519 1447 550 :
1483 501 1597 546 vade
1617 499 1670 545 ad
1683 494 1780 557 fbr-
1814 489 2027 540 Prov.l.e.

33 573 211 620 micam,
236 568 258 616 ὂ
282 571 418 629 piger.
519 568 774 618 Caeterum
803 569 1092 634 imprudens
1112 568 1279 616 forem
1295 598 1308 619 ,
1331 564 1364 615 si
1387 565 1488 613 hoc
1515 564 1565 612 in
1584 563 1705 610 loco
1725 558 1778 608 si-
1814 559 1868 603 L.
1890 555 1995 628 yde

31 633 186 682 lerem
200 633 484 698 Elephantis
505 629 1071 695 prudentiam,quo,tel¹tc
1083 631 1274 682 Tullio,
1298 628 1528 675 belluarum
1555 626 1666 671 nulla
1677 635 1781 684 pru·
1812 632 1954 665 natzv.

32 697 213 743 dentior.
315 698 447 750 Fuit,
472 698 560 760 qui
589 711 672 745 vas
690 711 960 760 cupreum,
998 695 1121 742 dum
1141 693 1168 742 a
1196 692 1342 741 fabro
1372 686 1504 739 male
1535 687 1780 737 refecitum
1814 685 1954 730 Deor-

31 759 269 808 Domino
298 773 551 824 reportat,
586 759 828 809 mercedis
861 757 984 807 loco
1017 758 1225 806 verbera
1255 751 1553 819 reportari&
1607 748 1780 798 denuo
1813 742 1967 818 Jqstus

31 837 151 870 cum
182 821 291 870 vase
317 821 564 875 remissus,
598 823 764 871 retulit
787 821 1030 870 refeClum
1059 816 1306 872 secundo,
1334 816 1416 866 sed
1443 811 1616 864 hausta
1652 811 1784 877 prius
1818 811 1932 867 Lth·

31 880 162 947 aqua
182 885 413 949 sagaciter
439 885 772 949 exploratum,
782 882 1174 950 probatumque,
1188 898 1251 932 ne
1270 878 1560 929 mercedem
1579 877 1786 925 alteram
1817 882 1927 917 cent.
1953 882 1997 916 1·

32 950 258 1013 accipere
287 961 570 1018 cogeretur.
635 949 758 1001 Fuit,
779 951 865 1008 qui
884 946 911 996 a
930 947 1190 996 Venatore
1211 943 1428 994 nimium
1449 939 1649 1006 pressus,
1664 938 1786 1010 den·
1817 945 1976 1006 ‘’P-50·

33 1012 162 1059 tium
195 1010 318 1060 ebur
344 1011 429 1059 libi
465 1010 599 1059 ultro
629 1010 828 1059 excullit
854 1046 864 1061 ,
893 1006 1140 1071 humique
1170 1008 1418 1064 abjectum
1452 1004 1705 1056 Venatori
1729 1015 1779 1050 in
1815 998 1978 1044 Solmus

33 1074 252 1138 praedam
278 1073 529 1137 quaefitam
555 1072 714 1125 cessit,
738 1073 1028 1136 prudentius
1055 1074 1168 1121 fore
1188 1085 1346 1123 ratus,
1365 1069 1397 1118 si
1419 1070 1566 1134 partis
1597 1060 1781 1124 iaeturii
1812 1061 1937 1118 Δις,

34 1136 80 1185 se
102 1137 149 1185 se
179 1149 350 1188 totum
378 1137 591 1185 servaret
616 1138 949 1184 incolumem.
1048 1136 1147 1185 Sed
1176 1138 1226 1185 ὅ(
1256 1146 1453 1182 caeteras
1475 1134 1779 1181 animantes,
1821 1151 2029 1211 canense,

32 1215 98 1249 nc
120 1200 211 1250 suis
230 1199 526 1250 defraudem
545 1200 806 1256 encomiis,
831 1214 940 1247 non
966 1200 1153 1247 minori
1176 1193 1437 1263 prudentia
1456 1194 1677 1260 praeditas
1696 1205 1782 1256 per
1810 1222 1856 1267 in
1869 1215 2025 1275 Philo]-

32 1267 295 1329 epitomen
318 1263 406 1311 tibi
430 1260 746 1312 demonstro.
846 1263 958 1311 Leo
988 1262 1225 1311 involutis
1249 1259 1496 1323 unguibus
1525 1254 1779 1325 ambulat.»
1880 1302 1890 1310 ,
2011 1250 2026 1266 ‘

31 1341 98 1375 ne
117 1339 414 1376 atterantur:
451 1322 650 1390 vestigia
670 1329 720 1375 in
741 1341 888 1375 arena
910 1325 1196 1379 confundit,
1218 1340 1280 1372 ne
1301 1322 1564 1386 prodatur:
1586 1320 1637 1370 in
1658 1332 1783 1382 apri-
1814 1306 1853 1347 P
1854 1301 1930 1347 lm·
1941 1299 2028 1357 l.9.

33 1405 100 1439 co
121 1390 248 1455 fugit
266 1387 450 1439 inceffu
471 1391 636 1453 gravi,
658 1392 708 1439 ὃ(
729 1406 823 1454 pro
846 1390 1117 1438 reverentia
1140 1384 1407 1444 Maiestatis
1430 1384 1598 1434 lento:
1643 1393 1780 1430 extra
1810 1380 1849 1413 ‘'-
1867 1375 1947 1425 42.

33 1453 383 1518 conspestum,
404 1455 454 1502 ὃς
485 1451 731 1515 sylvarum
758 1451 952 1500 latebris
981 1451 1161 1506 tectus,
1181 1452 1334 1499 etiam
1364 1449 1562 1513 lepores
1592 1444 1777 1494 veloci-

33 1528 134 1565 tate
161 1519 427 1581 praecurrit.
512 1516 705 1565 Cervus
730 1516 931 1564 labente
951 1515 1111 1580 Aprili
1135 1514 1302 1563 amissa
1324 1527 1543 1563 cornua,
1572 1506 1782 1557 difficili-

30 1579 121 1629 bus
135 1581 394 1631 abscondit
405 1578 635 1634 sentibuS,
648 1595 711 1628 ne
734 1592 837 1629 tam
851 1575 994 1628 facile
1017 1580 1355 1627 inveniantur:
1376 1575 1493 1625 hinc
1514 1570 1779 1628 sinistrum,

29 1645 407 1694 medicamentis
421 1642 681 1709 praeditum
697 1677 710 1697 ,
731 1642 758 1692 a
781 1645 983 1692 nemine
1008 1641 1243 1691 haetenus
1258 1643 1521 1690 inventum
1536 1636 1778 1687 afferunt:

28 1707 208 1759 amistis
221 1708 458 1756 cornibus
478 1709 528 1755 in
547 1708 700 1755 invias
721 1706 968 1771 sylvarum
989 1705 1195 1755 latebras
1213 1699 1670 1770 penem-atmodum
1696 1715 1779 1765 pa-

31 1769 202 1825 scitur,
222 1773 337 1834 quia
355 1772 579 1820 inermis:
617 1769 741 1818 dum
766 1768 938 1820 denuo
963 1766 1165 1818 crevere
1189 1784 1345 1821 arma,
1365 1767 1454 1815 soli
1474 1768 1703 1830 exponit,
1725 1775 1782 1812 ut

33 1834 175 1882 citius
195 1835 457 1882 durentur:
493 1832 709 1881 crassiori
729 1834 1028 1898 pinguedine
1042 1833 1165 1880 dum
1186 1846 1367 1895 corpus
1386 1828 1659 1892 turgescere
1677 1826 1781 1875 sen-

33 1897 117 1949 tit,
143 1899 193 1945 in
213 1911 374 1960 opaca
395 1895 575 1943 secedit
606 1894 805 1947 denuo,
827 1912 891 1943 ne
920 1894 1084 1943 minus
1115 1895 1178 1941 ad
1196 1894 1370 1941 fuoam
1397 1891 1598 1944 habilis,
1620 1889 1648 1940 a
1675 1891 1780 1939 Ve-

32 1959 292 2008 natoribus
319 1953 591 2005 infestetur.
691 1956 877 2008 Grues,
905 1956 1025 2006 cum
1053 1956 1219 2004 serena
1251 1933 1389 2003 favet
1417 1950 1705 2019 tempestas,
1724 1951 1782 2001 si-

34 2037 106 2072 nu
128 2023 305 2072 volant
330 2021 530 2071 lunato,
556 2019 836 2084 surgentem
875 2033 1086 2069 ventum
1119 2034 1242 2067 mox
1275 2028 1494 2067 cuneato
1524 2016 1779 2071 scindunt,

35 2099 99 2135 ne
120 2086 385 2150 rapiantur.
486 2085 614 2133 Non
637 2083 900 2132 dormiunt
925 2083 1024 2132 fine
1044 2082 1215 2147 vigile,
1239 2085 1290 2133 ὅ(
1307 2096 1372 2130 ne
1403 2079 1519 2130 huic
1538 2080 1693 2146 sopor
1719 2081 1782 2130 ir-

35 2161 199 2214 repat,
223 2163 332 2197 uno
361 2144 452 2195 stat
474 2146 626 2211 pede,
650 2147 875 2211 lapillum
902 2147 1061 2195 altero
1089 2142 1272 2209 gestat,
1292 2157 1347 2194 ut
1371 2144 1590 2193 cadentis
1617 2143 1746 2192 sono
1763 2175 1780 2198 ,

34 2218 85 2267 &
101 2209 301 2278 strepitu
320 2213 556 2259 excitetur
570 2227 581 2257 :
595 2211 835 2260 Montem
849 2213 1076 2259 Taurum
1098 2204 1566 2273 superaturae,rostra
1579 2207 1780 2257 calculis

33 2288 259 2344 gravant,
271 2290 335 2323 ne
349 2276 525 2323 innato
541 2275 852 2337 loquacitatis
874 2275 999 2323 vitio
1018 2273 1063 2322 se
1080 2273 1335 2336 seAquilis
1353 2272 1573 2337 prodant
1592 2274 1776 2322 invitae.

34 2345 229 2394 Boves,
253 2336 287 2386 si
315 2334 449 2387 forte
466 2337 764 2388 invadantur
788 2337 816 2388 a
838 2339 964 2392 fera,
986 2351 1108 2387 mox
1125 2336 1377 2387 inorbem
1398 2336 1444 2385 se
1471 2335 1776 2400 glomerant,

36 2409 88 2456 &
105 2417 322 2453 cornua,
347 2398 577 2452 adinstar
599 2402 736 2455 valli,
761 2405 964 2451 irruenti
991 2401 1288 2451 obvertunt:
1324 2414 1575 2463 equorum
1596 2396 1777 2448 contra

35 2482 234 2535 greges,
254 2464 372 2515 cum
407 2465 578 2515 fronte
606 2465 650 2514 se
681 2465 927 2516 invalidos
957 2464 1194 2521 noscant,
1214 2466 1263 2516 ὅ(
1291 2462 1377 2528 ipfi
1397 2467 1449 2514 in
1480 2464 1694 2530 globum
1724 2461 1776 2511 se

35 2533 281 2598 colligunt
299 2562 314 2587 ,
342 2529 425 2583 sed
448 2529 664 2582 calcibus
693 2531 746 2582 in
771 2525 975 2582 hostem
1003 2527 1166 2581 versis.
1263 2529 1400 2582 Sileo
1429 2528 1650 2580 sexcenta
1681 2525 1774 2574 alia

882 2592 995 2661 Q
1599 2591 1718 2642 Pru-
