2222 2905
700 83 901 134 Flamma
934 86 1200 137 Promethei.
1717 98 1779 154 5¹¹7

68 186 192 237 fluat
212 196 334 233 cum
355 179 522 236 annis,
543 178 781 244 consequi
805 192 1011 232 motum
1025 215 1039 237 ,
1061 184 1185 246 quin
1216 191 1501 234 moveatur.
1569 181 1701 236 Illud
1720 202 1840 254 prae-

66 250 238 316 primis
260 247 597 296 admiratione
628 243 997 309 dignissimum,
1018 244 1169 309 quod
1203 245 1238 295 s1
1268 243 1402 296 forte
1430 247 1601 298 nubila
1626 249 1718 299 sint
1748 252 1838 302 tibi

66 326 332 377 tempora,
360 304 633 371 nullosque
653 323 886 357 numeres
913 311 1133 364 amicos,
1157 325 1301 359 mens
1325 310 1452 366 sola,
1482 311 1570 361 fibi
1597 313 1688 362 soli
1710 314 1838 365 suffi-

66 379 188 425 ciat:
240 376 292 423 in
315 373 360 422 se
385 372 491 436 ipso
515 372 794 420 concilium
814 386 1073 422 convocat
1088 374 1370 423 Intellectus
1385 407 1397 427 ,
1420 388 1550 437 quot
1573 379 1838 441 cogitatio-

65 454 179 493 nes,
210 449 292 486 tot
308 447 543 484 numerat
562 434 785 484 Achates
809 437 1042 484 intimos:
1097 452 1218 486 cum
1237 436 1311 485 his
1327 470 1340 491 ,
1363 440 1414 486 in
1442 439 1607 487 cordis
1635 442 1838 491 concla-

62 505 114 553 vi
133 497 399 554 deliberat,
425 499 669 553 discurrit,
688 494 1032 562 stratagemata
1054 496 1218 554 struit,
1244 503 1294 551 <Sc
1315 497 1518 550 destruit
1534 537 1547 553 ,
1576 502 1835 554 machinas

64 562 267 614 hostiles
310 562 535 627 explodit
566 561 667 610 fine
699 562 927 625 fragore,
960 562 1088 611 bella
1119 563 1337 612 debellat
1366 563 1468 612 fine
1501 580 1705 620 cruore,
1733 566 1836 616 fine

65 628 214 678 obice
236 638 376 692 parat
402 625 659 674 victorias:
698 626 875 678 verbo,
891 624 991 673 fine
1017 626 1319 690 proditionis
1347 628 1572 691 periculo
1592 629 1833 679 subornat

64 693 239 740 omnia
256 723 268 744 ,
296 688 385 737 nisi
408 688 505 753 ipse
529 687 585 736 sit
603 687 690 736 fibi
708 689 987 751 periculum
1004 722 1017 744 ,
1037 684 1189 752 seque
1218 688 1353 739 ultro
1381 690 1469 741 fibi
1493 692 1614 740 velit
1642 695 1833 759 eripere

63 754 296 821 proditor
317 752 487 806 simul,
514 755 564 801 ὃς
587 752 833 800 inimicus.
1659 810 1668 818 ἱ

190 817 388 867 LEUC:
427 815 641 864 Grandis
660 815 845 864 Hercle
873 819 1228 880 praerogativa,
1265 832 1422 880 quam
1451 817 1647 882 Superis
1680 835 1834 870 aemu-

65 882 168 930 lam
198 877 412 945 possidet
432 878 738 927 Intellectus!
784 877 853 927 usi
887 877 991 927 hoc
1018 880 1204 928 fuerint
1227 913 1241 933 ,
1277 883 1329 928 in
1364 881 1508 929 suum
1535 884 1584 931 ὃς
1606 883 1835 934 Universi

65 946 218 992 totius
248 943 661 994 emolumentum
689 941 1019 996 Salomones,
1044 939 1339 1007 Augustini,
1363 945 1625 1007 Stagiritae‚
1655 949 1706 996 ὅ(
1737 947 1833 1005 alij,

66 1022 196 1070 quos
219 1005 398 1069 ingenii
429 1008 533 1052 acie
571 1005 812 1066 Aquilas,
846 1005 1182 1054 foecunditate
1217 1006 1511 1061 Phoenices,
1544 1006 1830 1071 praestantiae

65 1066 225 1134 gloria
247 1067 672 1120 velutSemidcos,
697 1069 866 1116 ereffis
892 1069 1274 1133 propemodum
1298 1072 1405 1123 aris,
1426 1070 1604 1119 adorat
1621 1068 1833 1122 Posteri-

64 1147 151 1181 tas.
253 1134 408 1178 MEL:
477 1128 703 1180 Defuere
725 1145 988 1192 nunquam
1010 1133 1197 1182 Divina
1220 1133 1351 1181 Orbi
1370 1135 1597 1197 Ingenia,
1614 1149 1741 1197 quae,
1761 1136 1827 1184 de

65 1196 307 1244 natalium
330 1194 618 1258 splendore,
643 1209 763 1241 cum
788 1196 884 1257 ipsa
897 1195 1094 1242 Pallade
1115 1207 1376 1244 certarent.
1475 1193 1675 1252 Lustra,
1699 1197 1735 1246 fi
1758 1198 1830 1247 lu-

63 1259 166 1313 bet,
191 1257 532 1323 prodigiosos,
557 1271 687 1318 quos
718 1257 862 1304 nullo
892 1272 1001 1305 non
1031 1270 1266 1322 tempore
1299 1256 1526 1312 edidere,
1547 1272 1713 1323 partus
1732 1296 1744 1312 ,
1778 1264 1831 1312 <Sc

67 1319 380 1385 obstupesccs
403 1322 607 1369 Naturae
634 1321 898 1373 miracula,
918 1336 1028 1367 non
1051 1333 1243 1383 aequata
1263 1318 1430 1370 modo
1448 1355 1460 1376 ,
1482 1321 1561 1371 sed
1588 1323 1827 1387 superata.

68 1385 209 1444 Quid
237 1385 520 1447 linguarum
548 1383 783 1430 varietate
818 1382 1072 1432 divinius?
1125 1384 1307 1432 secreta
1342 1387 1496 1434 animi
1533 1386 1828 1449 pandimus,

68 1463 177 1510 quae
203 1444 319 1495 licet
339 1461 458 1506 aure
478 1446 713 1509 percipias
728 1477 742 1498 ,
762 1444 849 1493 nifi
870 1446 1022 1494 velim
1038 1478 1051 1499 ,
1077 1461 1341 1508 nunquam
1362 1450 1616 1511 percipies.
1684 1450 1831 1498 Idem

66 1510 377 1559 vocabulum
401 1507 731 1571 plurifariam,
760 1505 871 1557 imo
894 1504 921 1557 ὲ
940 1510 1164 1572 pauculis
1190 1510 1385 1564 litteris,
1413 1511 1606 1560 infinita
1637 1511 1839 1562 forma·-

66 1590 178 1622 mus
204 1571 478 1622 vocabula:
517 1573 567 1620 δε
590 1572 698 1633 ςφᾶς
722 1571 785 1619 ad
806 1583 912 1619 tam
938 1572 1127 1620 ardram
1151 1574 1413 1637 epitomen
1428 1607 1441 1628 ,
1458 1574 1691 1623 discursus
1716 1591 1829 1625 om-

66 1639 151 1686 nes
172 1637 318 1685 novit
340 1631 667 1683 contrahere‘.2
689 1634 985 1683 Intellectus.
1053 1633 1219 1698 Quod
1241 1635 1482 1690 limaturae
1500 1636 1828 1703 vitio,lingua

66 1700 333 1764 denegaret
359 1696 606 1751 officium,
626 1696 881 1746 defeetum
902 1697 1092 1763 supplet
1112 1698 1513 1764 Orthographia:
1550 1703 1696 1766 ponit
1717 1702 1826 1751 haec

67 1764 290 1827 linguam
307 1764 358 1809 in
380 1760 609 1809 manibus
623 1793 635 1814 ,
656 1772 711 1808 ut
738 1761 1011 1822 loquamur
1031 1777 1117 1825 per
1136 1762 1383 1816 calamos,
1405 1779 1494 1828 per
1517 1761 1745 1827 epistolas
1763 1765 1828 1813 al-

67 1828 339 1889 loquamur
357 1824 593 1873 absentes.
648 1825 709 1872 Et
726 1823 760 1871 fi
782 1826 988 1887 ingenio
1015 1825 1234 1888 gloriam
1259 1822 1393 1874 forte
1418 1828 1531 1875 Fata
1548 1828 1823 1882 invideant,
1897 1873 1914 1883 Α,

67 1893 238 1937 vibium
264 1892 365 1934 meis
386 1888 643 1933 mandantur
668 1889 837 1932 nomina
863 1887 1046 1932 chartas:
1083 1890 1134 1936 ὅ(
1155 1889 1263 1949 quis
1291 1885 1378 1935 ista
1406 1883 1662 1938 adinvenit
1680 1890 1826 1939 subfi-
1856 1867 2014 1923 szuH,

68 1954 176 2002 dia?
203 1950 501 2001 Intellectus,
571 1947 733 2014 Qo'd
752 1948 786 1996 fi
802 1948 1234 2014 Orthographicus
1256 1950 1402 1999 labor
1421 1952 1679 2007 deterreat,
1691 1950 1826 2002 adest

67 2013 451 2081 Typographia,
487 2011 623 2069 cujus
646 2011 895 2061 beneficio
929 2012 1035 2076 plus
1063 2027 1162 2060 una
1196 2013 1322 2064 dies,
1352 2013 1509 2076 quam
1536 2030 1730 2065 annuus
1758 2017 1825 2065 la-
1854 2004 2025 2053 Volate-

69 2075 531 2133 bor,Amanuen1is
552 2071 764 2124 minime
783 2074 957 2129 otiosi,
985 2074 1131 2124 edere
1149 2073 1313 2140 potest
1331 2078 1383 2125 in
1406 2078 1600 2126 lucem:
1637 2082 1688 2129 ὅς
1711 2081 1822 2142 quis
1855 2071 2013 2140 ’'anst-3
2026 2083 2067 2127 5‘·

72 2142 236 2191 divina
257 2142 446 2188 invenit
463 2138 568 2187 haec
586 2139 916 2187 adminicula?
938 2140 1109 2200 utique
1129 2139 1427 2188 Intelleetus.
1495 2141 1631 2190 Silco
1649 2153 1731 2191 tot
1751 2145 1823 2192 in-
1853 2135 1893 2176 P
1894 2132 2065 2193 helolog,

74 2204 200 2267 genii
227 2204 436 2256 decora,
464 2214 594 2265 quot
621 2202 755 2251 orbis
786 2200 985 2249 exhibet
1017 2202 1304 2250 volumina:
1342 2202 1506 2251 effecit
1529 2204 1603 2252 his
1626 2206 1821 2254 Intelle-

74 2267 205 2319 ¹Ctus,
227 2278 282 2314 ut
307 2268 458 2313 etiam
477 2266 716 2313 mortales
731 2297 743 2318 ,
765 2265 1200 2312 immortalitatem
1229 2267 1450 2330 Superis,
1471 2266 1682 2332 amplius
1710 2284 1819 2317 non

75 2329 376 2379 inviderentt
410 2328 588 2376 scilicet
619 2332 720 2377 Ars
749 2329 915 2387 longum
942 2330 1147 2387 Scriptori
1166 2339 1372 2388 prorogat
1399 2345 1549 2379 aevum.
1647 2333 1740 2380 Per
1769 2332 1821 2380 li-
1847 2321 2010 2369 HOWK·

76 2394 195 2441 bros
216 2393 391 2441 vivunt
415 2392 564 2439 etiam
596 2393 811 2446 mortui,
841 2392 958 2453 quia
987 2389 1257 2440 nobiscum
1280 2393 1585 2455 loquuntur,
1607 2392 1663 2442 ut
1690 2396 1816 2443 vivi:

75 2455 403 2505 auscultamus
420 2454 531 2503 illos
554 2453 761 2509 silentes,
776 2454 994 2503 absentes
1015 2454 1318 2504 consulimus
1332 2489 1345 2511 ,
1362 2459 1411 2505 &
1431 2471 1696 2520 nunquam
1716 2473 1821 2506 me-

77 2518 167 2569 lius
190 2518 442 2573 discimus,
465 2516 620 2580 quam
648 2517 734 2569 ubi
754 2519 941 2631 cinerlei.
971 2517 1186 2576 docent,
1211 2521 1262 2571 ὃς
1289 2519 1352 2571 de
1375 2519 1520 2570 rebus
1535 2519 1822 2635 &isium-unt

1584 2598 1636 2631 m
1673 2597 1754 2633 rae.
