2160 2916
62 970 107 1019 in
117 971 202 1019 Me
212 972 284 1017 Se-

59 1038 186 1081 crettls
206 1035 262 1080 ad

64 1098 198 1145 Alex.

374 88 466 126 100
927 78 1059 140 Scylla
1086 87 1216 142 atque
1245 73 1492 140 Charybdis.
1518 88 1522 93 ·

304 181 418 238 tore
435 170 666 235 quodam
679 203 694 226 ,
713 185 777 221 ex
798 171 1058 224 Panthoto
1080 176 1292 227 Medico
1310 175 1407 241 ipse
1430 174 1556 226 mihi
1578 178 1865 227 narraveras
1878 174 2057 232 ,illum

304 237 357 285 in
385 250 654 299 campana,
671 233 729 283 iit
753 249 968 304 vocant,
1000 240 1297 293 minatoria,
1325 239 1453 289 infra
1475 254 1626 303 aquas
1660 237 1953 308 demissum,
1972 244 2060 291 ve-'

305 298 565 346 natorium
597 295 784 348 inflasse
806 314 994 356 cornu,
1023 302 1106 350 sed
1136 303 1205 350 ob
1234 305 1542 355 immanem,
1565 319 1624 351 ex
1652 302 1893 352 omnibus
1922 318 2057 351 cam-

307 375 446 425 panae
470 360 663 424 punstis
686 362 936 424 repulsum
976 361 1260 429 strepitum,
1291 363 1428 414 illico
1460 367 1701 433 vertigine
1738 369 1790 416 δε
1830 365 2061 414 surditate

306 435 620 487 correptum,
718 425 860 492 Qid
881 425 1048 476 dicam
1074 428 1137 476 de
1169 428 1299 477 tubo
1329 425 1578 483 acustico,
1605 430 1691 490 qui
1717 431 1869 477 etiam
1899 427 2062 477 surda-

307 481 413 535 stris
434 497 737 551 tympanum
763 488 920 551 pulsat
941 522 956 543 2
987 488 1310 556 sopitamque
1338 493 1514 541 excitat
1555 492 1814 541 auditum?
1847 491 1971 555 quid
1997 490 2075 538 de·

306 548 490 613 speculi
514 549 786 614 parabolici
807 550 953 607 foco,
972 555 1025 602 in
1046 569 1202 618 quem
1225 555 1393 603 sonori
1423 554 1542 612 radij
1564 553 1629 605 sie
1647 566 1983 608 concurrunt,
2003 565 2060 602 ut

305 626 406 664 ore,
422 611 589 661 eidem
621 612 888 677 opposito,
913 631 1102 666 vocem
1131 617 1308 667 reddat
1333 620 1683 667 Stentoream?
1718 617 1840 681 quid
1869 617 1932 666 de
1959 616 2064 681 spe·

307 674 492 730 cubus,
523 672 741 724 cisternis
763 710 778 732 ,
808 680 939 729 cavis
964 679 1170 730 Muficae
1196 677 1562 730 instrumentis?
1599 681 1719 744 quid
1747 681 1809 730 de
1843 680 1976 729 scalis
2009 681 2064 729 in

307 737 577 787 cochleam
599 740 1042 795 circumeuntibus,
1065 744 1186 806 quid
1213 744 1274 793 de
1303 757 1549 808 tympano
1575 760 1737 810 prope
1770 743 1904 793 urbis
1932 757 2067 792 moe-

306 802 391 850 nia
414 801 636 866 pulsato?
671 804 724 851 in
749 804 929 866 quibus
959 806 1224 862 omnibuS‚
1248 808 1461 856 mirabili
1489 820 1675 857 naturae
1701 807 1857 861 iudo,
1876 805 1942 855 sic
1968 804 2066 855 sese

308 879 465 914 voces
488 865 760 915 intendunt
771 899 785 921 ,
801 879 858 916 ut
874 868 1206 924 Auditorem,
1228 870 1314 919 nisi
1329 870 1713 935 Philosophum,
1734 873 1786 918 in
1805 867 2067 934 stuporem

311 925 498 977 merito
517 931 725 993 rapiant.
793 931 892 981 Sed
923 935 1123 981 minora
1142 932 1252 982 sunt
1271 930 1384 988 ista,
1409 932 1566 997 quam
1598 946 1651 981 ut
1674 945 1921 982 moveant
1943 932 2071 996 peri-

310 1002 392 1040 tos
410 990 623 1056 Phyfieae
636 992 889 1042 CultoreS.
958 997 1241 1059 Stagiritam
1272 1012 1433 1045 cornu
1457 996 1711 1053 cujusdam
1744 997 2068 1044 mentionem

310 1053 478 1103 faeere
505 1055 798 1120 perhibent,
817 1071 923 1118 quo
947 1058 1124 1106 inflato
1155 1060 1358 1108 Pellaeus
1387 1061 1555 1109 Heros
1583 1060 1883 1110 exercitum,
1913 1057 2069 1106 Orbis

312 1117 629 1166 domitorem
645 1152 659 1172 ,
680 1119 743 1167 ad
768 1121 928 1169 multa
960 1117 1111 1170 stadia
1134 1121 1398 1186 dispersum
1415 1156 1428 1177 ,
1454 1123 1554 1172 live
1585 1123 1869 1186 collegerit,
1890 1120 1989 1170 five
2014 1121 2081 1168 in*

313 1182 475 1228 aciem
503 1181 793 1245 dispositum
821 1183 884 1231 ad
904 1183 1187 1255 triumphos
1220 1185 1284 1234 fic
1311 1183 1570 1239 animarit,
1589 1201 1650 1234 ac
1671 1185 1704 1233 si
1735 1184 1954 1248 singulos
1975 1185 2072 1231 mi-

312 1245 459 1292 litum
482 1244 688 1308 praesens
709 1246 1067 1308 alloqueretur.
1152 1248 1250 1296 Sed
1278 1248 1435 1297 fidem
1465 1248 1849 1313 propemodum
1876 1246 1926 1295 su
1965 1256 2071 1294 erat

315 1307 580 1356 Morlandi
599 1307 736 1361 tuba,
768 1324 921 1371 quam
954 1326 1062 1358 non
1097 1310 1183 1359 nisi
1208 1327 1302 1375 pro
1331 1313 1480 1360 Fama
1513 1311 1803 1360 confestam
1826 1324 1930 1358 erec
1947 1324 2071 1363 eres,

316 1382 373 1417 ut
393 1385 579 1434 nempe
604 1370 882 1434 gloriosum
910 1373 1158 1422 Authoris
1183 1390 1407 1428 nomen,
1425 1387 1595 1423 totum
1627 1389 1717 1438 per
1745 1372 1928 1422 orbem
1954 1372 2074 1421 faci-

289 1475 291 1477 ,
316 1432 409 1481 lius
430 1432 494 1481 fic
522 1434 813 1497 divulgaret.
883 1438 1015 1484 Tam
1041 1436 1332 1500 prodigioso
1357 1437 1567 1485 artificio
1596 1436 1701 1485 haec
1733 1435 1856 1485 tuba
1883 1437 2070 1484 sonum

316 1496 556 1548 intendit,
578 1509 632 1545 ut
650 1497 1005 1547 Ar‹:hitalaffiis
1026 1504 1107 1548 sua
1130 1501 1342 1563 Imperia
1364 1500 1428 1547 ad
1448 1502 1696 1565 integram
1718 1498 1918 1547 classem
1933 1531 1950 1552 ,-
1968 1498 2073 1546 abs-

317 1573 418 1620 que
447 1559 693 1616 emiffarijs
712 1560 918 1616 lembis,
935 1564 987 1609 in
1014 1575 1290 1611 momento
1310 1561 1637 1611 diffunderet:
1673 1574 1730 1609 ut
1748 1560 2075 1625 civitas‚pres-

316 1623 365 1672 sa
387 1621 654 1670 obsidione
670 1659 684 1675 ,
709 1626 933 1673 amicum
961 1623 1259 1679 exercitum,
1288 1626 1351 1673 de
1375 1624 1679 1673 maturandis
1713 1623 1967 1688 suppetiis,
1983 1639 2075 1688 pet
2153 1628 2156 1631 '

319 1684 455 1748 signa
480 1683 644 1733 subito
669 1686 929 1741 edoceret,
952 1689 1089 1746 cujus
1111 1687 1297 1752 insigne
1318 1688 1567 1753 specimen
1586 1686 1723 1735 dedit
1740 1687 1917 1735 ultima
1939 1687 2076 1737 urbis

323 1750 554 1812 Tanger,
572 1750 623 1796 in
649 1748 822 1798 Africa
851 1749 975 1805 fitae,
1000 1750 1225 1805 obsidio,
1249 1751 1333 1800 ubi
1352 1750 1545 1800 resciss'o
1572 1750 1635 1798 ab
1664 1745 1890 1798 hostibus
1909 1750 2075 1806 va110‚

323 1809 810 1861 cuminterclususin
829 1814 1009 1862 urbem
1036 1813 1152 1862 effet
1173 1815 1356 1871 nuntiis
1377 1814 1535 1862 aditus
1549 1846 1562 1867 ,
1583 1825 1792 1875 uterque
1814 1824 1920 1860 tam
1939 1814 2075 1869 valli,

323 1872 480 1936 quam
516 1876 821 1924 munimenti
850 1876 1137 1930 Praefectus,
1162 1892 1252 1941 per
1279 1877 1524 1934 ejusmodi
1554 1876 1696 1925 tubas
1715 1909 1730 1929 ,
1764 1876 1829 1924 de
1854 1875 2072 1926 ferendo

322 1936 571 1992 subsidio,
597 1935 795 2000 ejusque
814 1939 981 1988 modo
1004 1942 1055 1990 ὅ(
1074 1952 1309 2003 ternpore
1327 1940 1771 2002 colloquebantur,
1790 1941 1839 1989 ὃς
1861 1939 2074 2000 quidem

324 2000 573 2049 idiomate
592 2001 817 2066 Anglico
833 2035 846 2058 ,
869 2000 898 2051 a
917 2004 1107 2052 Mauris
1121 2000 1345 2051 hostibus
1358 2018 1466 2051 non
1492 2002 1765 2050 intellecto.
1861 2001 1962 2051 Sed
1990 2001 2078 2052 hic

326 2063 565 2112 nondum
584 2064 677 2113 sese
697 2064 807 2114 finit
829 2066 1035 2114 utilitas:
1072 2080 1192 2129 cape
1221 2066 1397 2115 tubam
1418 2063 1823 2117 Morlandicam,
1847 2066 1896 2114 ὅ(
1928 2067 2075 2114 unius

326 2126 455 2180 litui,
474 2127 640 2176 eidem
658 2127 845 2182 inserti,
869 2129 1106 2192 clangore
1126 2131 1480 2177 imminentem
1505 2130 1775 2176 exercitum
1795 2126 2074 2178 simulabis:

328 2189 547 2238 modico
565 2190 740 2255 sclopo
752 2223 767 2246 ,
798 2193 926 2240 intra
943 2193 1073 2240 illius
1095 2194 1357 2241 cavitatem
1379 2203 1652 2239 exonerato
1667 2223 1681 2245 ,
1701 2202 1957 2240 tormenta
1975 2191 2078 2240 bel-

330 2251 425 2300 lica
446 2254 772 2303 aemulaberis.
841 2254 965 2303 Infla
989 2254 1126 2304 hunc
1149 2256 1356 2308 lituum,
1378 2258 1428 2304 <Sc
1450 2253 1653 2318 dispersa
1674 2256 1804 2302 inter
1825 2255 2073 2318 procellas

330 2317 527 2378 navigia
545 2329 724 2365 contra
740 2318 1086 2382 naufragium:
1121 2319 1341 2366 militum
1363 2332 1578 2368 cuneos,
1599 2318 1651 2365 in
1671 2316 1883 2366 tenebris
1911 2318 2081 2380 palan-

332 2388 434 2430 tes,
457 2392 634 2428 contra
658 2377 863 2430 hostiles>
889 2380 1115 2436 affultus,
1139 2380 1350 2429 conl-ilio
1372 2384 1423 2430 &
1449 2396 1550 2445 ope
1579 2392 1740 2433 tutus,
1758 2383 2074 2444 praemunies.

334 2437 453 2489 Imo
479 2442 673 2490 utilitati
694 2458 861 2506 neque
884 2441 1018 2492 deest
1038 2444 1337 2502 jucunditas:
1373 2444 1537 2508 plures
1558 2443 1802 2500 ejusmodi
1831 2443 1974 2492 tubas
2004 2445 2078 2492 in-

334 2502 454 2555 flare
474 2502 622 2555 simul
640 2503 675 2556 fi
691 2504 858 2563 jubeas
869 2539 886 2565 ‚
902 2508 1193 2561 Martialem
1210 2505 1453 2562 musicam
1465 2539 1482 2564 ,
1503 2503 1532 2559 ὲ
1549 2505 1713 2559 diffitis
1733 2507 2079 2616 locorumlin-

1838 2581 1974 2619 terva
1993 2599 2016 2606 -
