2177 2905
695 99 917 163 Speculum
949 96 1189 160 Phyficum.*
1660 114 1747 162 173

63 192 365 260 Propheta33
399 191 474 242 his
508 189 544 242 fi
572 189 776 241 credere
814 202 1067 245 renuunt,
1100 206 1233 254 neque
1257 189 1292 250 si
1328 193 1420 256 quis
1451 209 1506 241 ex
1545 198 1726 241 mamm
1754 210 1822 240 re-
1848 193 2061 249 Leuc.16.

52 260 322 318 surrexerit,
344 259 528 306 credent.
631 257 699 307 Ut
729 267 901 305 tamen
930 255 1052 305 nihil
1089 257 1393 305 intentatum
1422 257 1731 321 relinquam,
1757 256 1821 307 ab

65 324 232 372 inferis
252 332 518 371 mortuum
541 319 800 372 excitabo,
837 320 1020 369 doceat
1046 320 1154 379 ille,
1181 334 1291 382 quae
1323 322 1375 369 in
1406 320 1594 378 judicio
1621 321 1820 377 didicit,

62 399 118 436 ut
143 387 244 444 ejus
269 386 438 433 saltem
459 383 710 447 exemplo,
735 382 1181 449 Sapientes‘fimus,
1203 386 1253 434 &
1276 383 1535 448 sapiamus.
1600 387 1824 451 Percipe,

68 450 214 513 quod
242 449 304 510 de
334 449 475 497 Divo
498 449 740 496 Brunone
771 448 971 496 annales
1000 448 1251 512 produnt,
1277 447 1457 511 quibus
1491 448 1644 498 fidem
1678 449 1713 498 fi
1739 450 1823 498 de-

65 529 206 568 mus,
229 513 438 561 levitatis
465 526 625 560 nemo
653 527 749 560 nos
778 523 976 576 arguat,
1013 523 1142 572 nam>
1169 507 1239 559 est
1267 524 1404 560 tanta
1438 511 1738 567 authoritas,
1764 523 1822 562 ut

60 593 181 626 cum
199 576 280 624 illa
301 590 590 624 errare-non
620 572 767 639 poffit
795 591 904 623 non
927 573 1019 622 effe
1035 573 1347 640 Philosopho
1366 571 1661 640 gloriosum.
1699 578 1821 626 Pro-

64 640 194 690 dunt
215 640 282 688 illi
311 638 445 688 hunc
467 638 732 690 Sanetum,
756 639 978 687 necdum
997 639 1237 687 Sanctum
1252 672 1264 693 ,
1293 638 1357 687 fic
1375 638 1708 705 Philosophiae
1731 642 1820 689 Pa-

65 703 180 760 rilijs
208 702 389 752 dedisse
410 718 620 768 operam
635 735 646 757 ‚
677 715 731 751 ut
751 703 935 752 Mundi
958 702 1240 755 illecebras,
1259 701 1294 750 si
1317 718 1426 759 non
1462 716 1677 758 amaret,
1701 720 1821 752 neu-

65 770 261 831 tiquam
291 779 463 815 tamen
494 766 812 816 aversaretur.
910 765 1008 815 Sed
1030 766 1179 815 DEO
1205 764 1271 814 fic
1298 766 1620 831 disponente,
1642 767 1821 816 accidit
1851 794 1854 795 ν

66 832 229 884 casus,
253 826 280 879 ὲ
310 846 417 894 quo
448 830 594 879 multi
624 830 956 907 resurgerent:
991 844 1133 878 mors
1162 841 1349 894 nempe
1378 828 1556 879 accidit
1579 831 1823 895 DoCtoris

64 894 318 952 cujusdam
331 927 345 949 ,
365 908 452 959 per
481 909 635 956 quem
658 895 790 943 male
812 905 1103 948 mortuum,
1128 891 1306 944 melius
1325 894 1493 944 vivere
1512 895 1712 959 plurimi
1732 894 1824 943 do-

64 971 310 1007 cerentur.
390 958 573 1006 Extulit
590 958 671 1005 ille
697 953 724 1007 ὲ
746 957 932 1006 feretro
951 957 1086 1006 fatali
1108 970 1258 1022 caput
1292 953 1417 1013 (en!
1455 958 1659 1022 dignam
1683 974 1824 1022 argu-

62 1034 243 1070 mento
264 1020 691 1085 physiognomico
720 1019 1053 1077 cathedram)
1088 1016 1237 1084 se‘que
1265 1020 1493 1071 horribili
1518 1037 1665 1076 voce,
1686 1036 1825 1071 nunc

60 1082 190 1142 justo
215 1086 329 1134 DEI
352 1085 537 1141 judicio
565 1084 866 1139 accusatum,-
887 1100 1011 1133 mox
1032 1084 1327 1142 judicatum,
1340 1085 1558 1148 denique
1578 1086 1827 1135 condem-

64 1161 242 1197 natum
268 1146 475 1197 asseruit.
579 1146 864 1213 Obriguere
886 1152 1094 1202 omnes,
1114 1145 1289 1197 Bruno
1311 1151 1594 1213 praesertim,
1618 1151 1705 1213 qui
1725 1149 1822 1198 hac

59 1214 237 1277 triplici
256 1211 600 1262 conclusione,
617 1212 680 1260 sic
704 1215 754 1261 in
779 1209 1022 1275 angustias
1036 1211 1296 1260 redaelum
1324 1211 1371 1260 se
1389 1212 1556 1267 sensit,
1576 1226 1631 1262 ut
1662 1212 1697 1263 si
1726 1214 1856 1261 mia>

61 1275 155 1325 nus
177 1276 239 1324 de
271 1276 441 1329 sacco,
471 1275 642 1323 saltem
672 1276 1071 1341 circumspiceret
1090 1274 1152 1323 de
1183 1289 1387 1329 eremo,
1423 1278 1474 1324 in
1496 1291 1594 1338 qua
1622 1292 1818 1326 novam

60 1340 257 1388 exorsus
280 1338 682 1403 Philosophiam,
706 1339 971 1387 honorum
997 1339 1200 1388 umbras
1218 1337 1396 1387 timere
1426 1340 1597 1389 didicit
1624 1341 1686 1390 ab
1707 1355 1817 1389 um-

59 1403 171 1457 bra,
202 1400 429 1464 aliosque
455 1401 544 1450 suo
566 1402 802 1466 exemplo
832 1402 1034 1456 docuit,
1055 1402 1230 1465 fugere
1262 1402 1325 1450 ad
1358 1403 1558 1451 umbras
1584 1436 1597 1456 ,
1629 1403 1821 1453 umbris

58 1483 125 1516 ne
151 1467 453 1530 fallerentur.
554 1467 615 1514 Et
642 1480 706 1513 ne
731 1464 820 1513 tibi
839 1480 1050 1528 quoque
1067 1465 1363 1514 Leucothee
1394 1466 1651 1516 mundana
1683 1469 1820 1517 vani-

60 1543 133 1580 tas
160 1528 405 1579 obtendat
424 1527 688 1591 umbram,
711 1528 822 1592 lege
847 1529 1133 1578 Oraculum
1161 1527 1306 1587 hujus
1325 1529 1618 1594 Philosophi
1638 1530 1821 1591 judica-

60 1597 122 1649 ti,
146 1593 289 1656 quod
314 1607 377 1640 ne
399 1588 662 1641 Posteritas
686 1592 951 1641 oblivione
981 1607 1209 1656 unquam
1229 1592 1503 1651 oblitteret,
1520 1597 1688 1649 ,Divus
1698 1595 1818 1646 Bru-

58 1674 133 1709 no
155 1655 304 1723 lapidi
326 1655 641 1722 sepulchrali,
663 1652 792 1721 stylo
811 1657 1022 1707 incisum
1036 1657 1208 1707 ferreo
1223 1690 1237 1713 ,
1261 1660 1479 1724 reliquit.

90 1787 1762 2030 PH1L<2>15³0²383112³1E³11324ATL

57 2049 203 2136 Ex
255 2034 589 2156 Trzpode
613 2038 1107 2154 sepulchrali
1163 2044 1272 2128 ad
1315 2042 1812 2155 Philosophos

669 2158 1159 2270 judicandos,

856 2307 1023 2366 Rumpe

636 2369 812 2416 Suetum
839 2372 972 2416 morti
988 2370 1237 2423 Silentium,

759 2430 924 2492 Infelix
946 2433 1115 2492 lingua:

815 2498 1050 2569 Eloquere,

445 2560 542 2623 Qae
552 2559 641 2621 fine
663 2575 767 2609 aure
787 2558 982 2677 audizstch‘,
1001 2560 1091 2620 fine
1108 2562 1225 2613 oculo
1253 2561 1426 2620 vidisti,
1599 2625 1645 2675 f
1690 2620 1699 2636 1

997 2638 1021 2685 3
1635 2639 1739 2674 uses-
