2160 2916
342 90 430 127 102
784 129 787 131 ,
874 81 1007 146 Scylla
1026 93 1154 148 atque
1175 80 1414 147 Charybdis.

272 171 360 219 ovi
381 168 580 218 saliente
606 167 799 235 punito
822 187 833 219 ε
885 172 1104 224 Harvaeo
1129 175 1183 224 in
1208 174 1343 237 foetu
1368 175 1626 232 humano,
1649 171 1734 227 etsi
1756 173 2028 230 formicam

270 234 617 297 magnitudine
639 248 751 282 non
769 234 1047 287 exceffisset.
1146 238 1372 287 Armato
1401 239 1646 296 ejusmodi
1673 242 1832 290 oculo
1858 242 2034 307 depre-

268 295 444 345 hendit
466 295 528 343 de
554 297 703 346 Lanis
735 299 1040 348 vermiculos
1071 299 1205 350 adeo
1239 313 1440 356 tenues,
1473 315 1528 351 ut
1554 318 1738 353 eorum
1774 304 2026 353 milliones

270 360 443 423 viginti
466 358 681 430 septem,
704 362 974 424 granulum
999 365 1155 412 tritici*
1165 365 1242 413 vix
1265 367 1543 428 aequarent,
1565 382 1789 430 quorum
1809 366 2028 415 totidem

267 421 419 487 pedes
433 454 445 475 ,
466 420 499 470 fi
521 437 572 470 m
591 438 753 472 unum
775 423 1034 488 colligeres
1050 459 1065 480 ‚·
1083 424 1345 476 craffitiem
1363 427 1435 476 fili
1450 428 1581 478 serici
1597 462 1610 484 ,
1634 431 1786 478 etiam
1807 428 2025 479 subtilio-

269 487 358 538 ris,
378 500 487 533 non
507 484 805 550 superarent.
906 486 1023 537 Imo
1063 488 1264 539 Caflato
1294 489 1329 539 fi
1356 489 1478 540 fides
1499 524 1516 546 ,
1554 493 1792 556 particula
1817 491 1940 541 casei
1971 493 2025 540 in

266 547 414 596 exiles
433 546 564 597 adeo
595 548 903 599 vermiculos
931 547 1001 599 est
1029 552 1270 604 resoluta,
1298 565 1353 602 ut
1386 551 1556 619 primo
1590 567 1842 604 armatum
1871 557 2023 603 etiam

265 610 480 660 oculum
493 610 736 685 sugerium
769 612 852 662 sed
869 612 975 669 ubi,
994 615 1163 665 calore
1178 615 1310 670 solis,
1323 619 1529 666 animati
1548 616 1594 666 se
1606 629 1894 673 moverant,
1906 630 2030 666 tunc

266 675 532 724 enimvero
559 677 832 725 exercitum
853 676 1207 742 deprehendit,
1227 680 1365 737 eujus
1391 696 1664 730 numerum
1691 680 2030 729 innumerabi-

265 737 370 787 lem
393 752 486 785 nec
499 738 661 802 Cyrus
681 739 887 803 ipsemet
909 740 1134 791 inivisset.
1201 745 1263 793 Et
1282 758 1391 806 quae
1413 743 1642 808 prodigia
1665 743 1728 792 de
1751 743 2026 807 telescopio

262 804 586 850 memorem?
623 803 909 852 oculunfflin
930 804 1113 855 Coelos
1133 806 1342 860 attollit,
1367 809 1418 857 ὃ(
1441 806 1596 855 sidera
1619 806 1682 855 ad
1701 807 1912 855 oculum
1938 806 2021 854 de—

261 863 436 913 trahit:
474 864 688 914 Coelum
706 864 735 915 ὲ.
752 867 966 917 celando
986 864 1162 918 frustra
1181 870 1286 927 jam
1312 869 1524 919 dicimus
1539 902 1553 923 ,
1578 885 1697 918 nam
1711 899 1725 923 ,
1746 868 2021 933 telescopio

262 928 501 980 invento,
522 927 644 976 nihil
670 930 883 993 amplius
909 932 1149 980 mortales
1179 932 1321 981 celat.
1400 928 1589 981 Frustra
1614 934 1665 980 in
1683 929 2021 982 remotissimis

261 990 416 1056 spatijs
438 990 698 1040 abscondit
725 991 818 1040 sese
840 993 1103 1043 Saturnus:
1139 995 1340 1044 nullum
1366 995 1435 1044 illi
1456 996 1557 1052 iam
1579 996 1784 1045 Latium
1812 989 2025 1060 superest

262 1048 326 1102 ad
353 1054 638 1103 latendum:
677 1053 925 1112 emissariis
961 1058 1128 1106 vitreis
1156 1056 1184 1106 a
1210 1057 1330 1123 fuga
1360 1058 1651 1112 retrahitur,
1678 1056 1779 1107 una
1808 1073 1928 1106 cum
1957 1059 2023 1106 sa-

261 1117 441 1166 tellitio
455 1150 467 1171 ,
497 1117 641 1181 quod
661 1118 857 1169 tamdiu
879 1119 1084 1169 callidus
1104 1117 1287 1169 celarat
1307 1122 1484 1171 Senex.
1568 1118 1759 1173 Frustra
1781 1121 2020 1186 gloriatur

261 1180 364 1237 jam
382 1181 591 1245 Jupiter,
613 1180 694 1230 sua
716 1180 809 1231 effe
828 1182 1012 1232 secreta
1042 1180 1158 1238 fibi,
1184 1198 1294 1247 quae
1322 1199 1417 1233 nec
1438 1186 1467 1242 J
1473 1186 1633 1233 unoni
1662 1185 1835 1233 leviter
1863 1186 1915 1232 in
1942 1199 2026 1232 au-

261 1257 397 1292 rem:
440 1258 535 1291 nec
565 1243 719 1309 ipsam
753 1245 1071 1310 Dyphteram
1103 1247 1169 1294 sat
1204 1259 1367 1296 tutam
1398 1247 1538 1297 sentit
1576 1249 1626 1298 ὅ(
1654 1247 1865 1300 teEtam,
1893 1243 2025 1310 post-

260 1320 416 1368 quam
444 1307 764 1371 exploratore
796 1309 954 1358 oculo
980 1309 1172 1358 detesta
1208 1311 1261 1359 in
1289 1309 1466 1367 fascijs3
1498 1306 1769 1375 postquam
1797 1324 1882 1374 per
1908 1309 2022 1358 suos

261 1370 494 1419 Comites
506 1370 552 1418 se
571 1385 781 1434 quoque
799 1371 1061 1436 proditum
1071 1371 1284 1427 sentit,&
1299 1369 1473 1438 stupet.
1511 1375 1648 1423 Mars
1657 1373 1755 1437 ipse
1776 1384 2028 1445 armatum

259 1432 503 1483 formidat
523 1434 751 1488 oculum,
775 1450 896 1484 nam
917 1434 1120 1484 technas
1140 1437 1193 1484 in
1214 1436 1446 1484 umbone
1466 1435 1551 1484 scit
1575 1436 1882 1486 observatas:
1910 1437 2022 1484 imo

262 1511 358 1545 nec
385 1507 546 1545 tutam
567 1495 779 1562 amplius
808 1498 954 1546 novit
975 1498 1397 1554 conjunffionem
1428 1513 1549 1547 cum
1567 1500 1797 1552 Venere,
1819 1497 1907 1546 nifi
1936 1499 2023 1545 ite-

260 1561 374 1608 ratis
402 1559 648 1616 ludibriis,
678 1575 765 1624 per
800 1561 928 1624 ipsos
957 1560 1194 1610 homines
1215 1593 1229 1615 ,
1261 1562 1380 1611 velit
1406 1560 1658 1610 exfibilari.
1739 1561 2020 1610 Mercurius

260 1636 472 1685 quoque
492 1623 592 1679 jam
610 1622 736 1688 fugit
754 1624 923 1674 lucem
939 1656 950 1677 ,
973 1626 1024 1674 ὃς
1048 1625 1100 1671 in
1122 1623 1397 1673 hominum
1421 1624 1691 1688 conspeetu
1716 1639 1853 1672 rarus
1882 1638 2027 1672 com-

259 1697 427 1749 paret,
453 1685 538 1733 scit
573 1701 761 1749 nempe
783 1686 895 1737 suos
924 1683 1183 1735 clarissime
1218 1687 1505 1752 exploratos
1535 1698 1752 1735 errores:
1789 1701 1883 1735 nec
1911 1697 2019 1734 tuta

260 1749 408 1796 novit
425 1747 525 1804 jam
556 1746 650 1796 esse
675 1747 829 1803 furta,
855 1748 940 1797 ubi
965 1752 1018 1798 in
1044 1748 1246 1814 speculo
1277 1750 1452 1799 nostes
1486 1750 1696 1798 excubat
1722 1749 1901 1798 oculus
1917 1781 1930 1803 ,
1953 1747 2022 1797 sat

261 1810 518 1865 oculatus,
541 1813 657 1874 quia
687 1814 896 1864 vitreu53
929 1812 994 1860 sat
1027 1813 1170 1877 vigil,
1197 1814 1314 1876 quia
1349 1812 1514 1877 potius
1538 1815 1592 1862 in
1615 1813 1763 1876 Argo
1785 1824 2021 1866 centum,

261 1872 418 1936 quam
439 1873 521 1922 hic
544 1876 718 1923 unicus
741 1874 999 1940 sopiretur.
1076 1877 1189 1925 Nec
1209 1876 1498 1940 splendente
1525 1876 1677 1931 fuc0,
1700 1876 1767 1924 sat
1786 1877 1906 1939 tegit
1929 1890 2023 1923 nae-

261 1952 356 1985 vos
382 1936 564 2001 pallida
592 1937 837 2001 Cynthia:
893 1954 987 1987 nec
1020 1938 1395 1990 scintillantibus
1423 1939 1567 1995 radiis
1598 1938 1665 1987 sat
1694 1953 1888 1987 cornua
1917 1938 2019 1994 jam

261 2000 487 2049 occultat
506 2000 710 2064 gipposa
732 2002 925 2050 Venus.
1027 2001 1249 2051 Phoebus
1271 2000 1369 2066 ipse
1398 2014 1478 2050 tot
1499 2002 1679 2052 saeculis
1699 2017 1810 2050 non
1836 2013 1943 2048 tam
1966 2000 2021 2049 il-

262 2061 446 2117 luxisse,
472 2062 629 2125 quam
656 2063 847 2112 illusisse
858 2064 1064 2115 Mundo
1093 2066 1428 2119 convincitur,
1455 2064 1579 2113 dum
1597 2079 1752 2114 aureo
1781 2061 2023 2128 purpuris-

261 2124 401 2174 sofie
421 2127 595 2188 nequit
616 2125 717 2183 jam
739 2127 960 2176 maculas
983 2140 1176 2193 tegere,
1198 2142 1264 2176 ne
1301 2128 1594 2192 detegantur
1608 2159 1625 2182 ,-
1642 2141 1909 2190 nunquam
1927 2126 2023 2175 cla-

261 2185 364 2237 rior
383 2188 583 2237 mundo
609 2188 759 2242 visus,
783 2188 938 2253 quam
966 2191 1018 2238 in
1043 2191 1278 2245 maculis,
1305 2205 1569 2252 nunquam
1592 2188 1750 2255 magis
1773 2190 2023 2238 illumina-v

262 2262 340 2300 tus
356 2283 368 2304 ,
390 2251 544 2313 quam
566 2251 651 2300 ubi
677 2253 1002 2316 telescopium
1028 2253 1321 2317 splendores,
1343 2255 1530 2302 nimios
1560 2269 1669 2302 non
1702 2252 1824 2303 nihil
1848 2252 2022 2314 fregit,

263 2316 316 2364 ὅ(
346 2313 641 2364 obscuravit.
728 2316 867 2381 Quid
886 2317 1085 2365 multis?
1129 2316 1340 2365 oculum
1362 2316 1600 2364 Deorum
1625 2316 1869 2365 arbitrum
1900 2315 2019 2364 facit

262 2375 370 2426 haec
392 2376 645 2426 machina:
688 2374 922 2429 stationes
944 2375 1138 2433 lustrat,
1158 2378 1540 2435 conjunctiones
1573 2379 1828 2433 observat,
1853 2379 2023 2442 explo-

265 2451 340 2489 rat
363 2438 572 2488 diffidia:
615 2441 936 2505 retrogrados
964 2441 1143 2506 fignat,
1171 2453 1315 2490 notat
1345 2441 1589 2495 absentes,
1616 2444 1869 2492 venientes
1899 2455 2024 2505 prat·

266 2514 499 2568 occupat.
535 2503 767 2570 Stupesce
790 2503 1210 2573 Antiquit‚as,plus
1233 2504 1410 2565 oculus
1430 2505 1533 2563 jam
1547 2504 1633 2561 scit
1654 2505 1718 2564 de
1729 2501 2031 2574 Dijs,quam„

1839 2585 1848 2590 *
1880 2578 1952 2615 tui
