2177 2905
400 112 494 163 154
539 134 551 143 -
1005 94 1202 144 Ariadne
1221 91 1412 158 Physica.

335 193 690 261 Philosophus,
703 206 859 256 quem
875 189 1235 255 thavrnaturgae
1249 189 1526 252 Magorum
1540 182 1812 251 Dyphterae
1829 183 2090 239 conscium

338 258 627 325 suspicabar,
643 261 729 321 qui
746 259 799 306 in
822 253 1334 318 stairiiante'Diogenis
1359 250 1520 304 dolio,
1539 264 1675 298 nunc
1700 247 1961 300 exhibebat
1982 251 2090 300 flui-

338 335 533 373 tantem
564 321 753 384 absque
783 296 1019 384 Zepfiyro
1045 316 1364 382 cymbulam,
1390 312 1491 361 fine
1523 313 1640 362 velis
1673 313 1964 369 volantem,
1986 314 2088 364 sine

337 384 635 440 Navarcho,
650 387 700 434 ὃς
718 382 1065 448 gubernaculo
1084 379 1130 429 se
1151 379 1196 428 se
1223 378 1522 441 dirigentem
1550 375 1612 424 ad
1635 371 1906 432 Austrum,
1927 378 2005 428 vel
2019 378 2094 428 A-

380 451 632 500 uilonem:
668 447 776 497 imo
805 444 1109 494 adnatabant
1144 441 1363 491 formata
1388 455 1446 489 ex
1474 437 1684 502 chalybe
1718 441 1908 489 marina
1941 457 2094 490 mon-

338 465 452 567 ἣτε,
476 510 731 576 Delphini,
749 512 798 560 ὃ(
819 520 926 558 cete
946 506 1168 573 grandia,
1196 498 1464 566 rostroque
1486 504 1680 565 cymbae
1694 504 1987 554 Maonetico
2008 504 2093 554 ad-

340 575 611 629 haerebant.
712 574 869 624 Nunc
887 571 1075 620 eodem
1097 572 1150 620 in
1179 567 1323 617 dolio
1344 566 1717 631 repraesentabat
1739 542 1996 617 Christum
2022 568 2094 617 su-

379 639 613 701 ralaquas
641 649 873 688 euntem,
894 637 943 686 ὃ(
968 635 1119 684 Petro
1148 631 1439 696 periclitanti
1466 630 1713 678 ferentem
1738 629 2002 694 suppetias,
2024 631 2093 681 ibi

339 657 531 765 {onam
562 704 589 750 a
612 700 737 767 pisce
757 698 1077 763 absorptum,
1102 693 1185 744 hic
1207 693 1436 747 Saulem,
1459 692 1643 741 Davidi
1675 692 1902 741 lanceam
1936 697 2092 743 intor-

343 778 615 833 quentem,
640 764 719 813 sed
747 762 1080 811 aberrantem.
1178 759 1332 808 Nunc
1350 755 1683 818 horologium
1713 757 2094 819 proferebat,ad

342 835 482 887 cuius
502 828 747 880 limbum,
771 825 979 874 occulto
1002 824 1242 887 Magnete
1258 816 1573 869 instruetum,
1595 816 1810 880 suspensa
1829 817 1918 868 filo
1937 820 2095 869 advo·

342 895 477 945 labat
495 890 715 943 Architae
737 887 1002 939 columba,
1025 888 1075 934 ὅ(
1095 881 1343 954 chalybeo
1372 877 1538 928 rostro
1575 878 1758 927 horam
1772 912 1785 933 ,
1806 880 2093 945 Phoebique

343 957 548 1009 locum,
569 952 793 1011 jucundo
822 948 1101 1015 spectaculo
1131 943 1431 1009 designabat.
1532 942 1670 1011 Saepe
1693 943 1743 989 in
1770 945 1936 994 tabula
1966 947 2091 1002 rasa,

344 1021 500 1072 veluti
514 1017 731 1068 Martiali
748 1028 950 1077 campo,
964 1010 1188 1058 inimicas
1207 1003 1519 1056 monstrabat
1529 1006 1864 1069 Pigmaeorum
1892 1009 2095 1074 phalan-

343 1099 453 1149 gas:
492 1080 666 1145 singuli
690 1078 757 1126 fili
781 1077 924 1124 ferrei
951 1070 1190 1125 frustulis,
1212 1069 1347 1134 quali
1374 1068 1592 1117 totidem
1619 1069 1800 1118 lanceis
1824 1075 2024 1127 armati,
2042 1077 2094 1123 in

342 1159 523 1197 mutua
545 1142 705 1208 praelia
731 1138 1041 1206 pruriebant:
1088 1151 1214 1185 mox
1243 1133 1306 1182 ad
1329 1136 1520 1182 varium
1544 1132 1793 1199 Magnetis
1816 1134 2095 1201 aspeehlm,

343 1210 426 1260 vel
453 1207 707 1271 erigebant
729 1217 893 1257 arma,
916 1201 996 1251 vel
1014 1198 1328 1249 invertebant
1343 1229 1356 1250 ,
1378 1196 1457 1245 vel
1479 1195 1707 1259 projectis
1727 1198 1777 1244 in
1798 1210 1980 1249 terram
2006 1200 2096 1266 spi.

342 1273 493 1326 culis,
512 1272 688 1335 fugam
710 1267 1005 1317 unanimem
1033 1260 1358 1312 simulabant:
1394 1273 1532 1308 nunc
1560 1258 1728 1308 dextra
1752 1263 1878 1311 acies
1902 1263 2093 1315 furioso

342 1337 538 1401 impetu
569 1331 837 1382 in‘vadebat
858 1325 1124 1378 sinistrams
1158 1322 1381 1389 fugiebat
1409 1319 1521 1375 ista,
1543 1321 1693 1370 altera
1723 1323 2096 1403 insequebatur:

342 1414 481 1450 nunc
504 1397 572 1447 illi
591 1394 836 1445 cadebant
857 1392 986 1444 viffi,
1006 1389 1056 1438 hi
1080 1385 1205 1438 vero
1227 1386 1418 1436 stabant
1429 1384 1677 1438 Victores,
1702 1401 1867 1451 pugna
1888 1390 2099 1452 quidem

343 1461 615 1513 umbratili,
630 1459 711 1507 secl
730 1454 860 1506 adeo
889 1451 1224 1520 paradoxfimt
1243 1450 1396 1502 veluti
1424 1462 1665 1515 portento
1690 1455 1944 1504 attonitus,
1959 1453 2096 1504 hian-

343 1529 383 1575 ti
411 1540 528 1578 ore,
558 1519 830 1574 adstiterint
864 1517 1083 1568 curiosus
1107 1515 1382 1581 Spectator.
1450 1514 1606 1560 MEL:
1673 1513 1747 1562 Ita
1766 1511 1859 1565 est:
1907 1516 2096 1582 suspen·
2173 1556 2175 1559 ,

345 1589 473 1638 dunt
503 1587 607 1637 haec
634 1601 725 1637 ora
759 1582 991 1634 rudium,
1023 1583 1073 1631 δε
1103 1578 1129 1628 a
1152 1582 1408 1635 juventute
1437 1575 1788 1627 eblandiuntur
1819 1580 2097 1643 gloriosum

345 1653 512 1714 Euge:
551 1664 609 1697 ex
637 1648 840 1712 ephebis
862 1645 946 1692 ubi
976 1641 1240 1694 excefl'eris,
1261 1641 1542 1691 evanuerit,
1564 1639 1737 1692 credo,
1758 1641 1981 1695 juvenilis
2000 1641 2095 1693 stu.

344 1729 459 1781 por.
514 1713 654 1762 Nam
676 1709 825 1759 debet
843 1706 947 1757 haec
966 1705 1108 1755 scena
1131 1703 1318 1753 ludicra
1344 1701 1821 1766 virtutiMagneticae
1836 1703 1971 1754 suam
1995 1709 2094 1756 ori-

342 1780 541 1841 ginem,
561 1776 633 1823 uti
654 1776 704 1823 ὅ(
725 1773 822 1823 illa,
835 1784 1006 1835 quam,
1019 1765 1145 1834 stylo
1165 1767 1377 1822 Lucretii
1393 1762 1682 1831 descriptam
1698 1794 1711 1818 2
1732 1765 1880 1817 refert
1898 1768 2093 1820 celebre

347 1844 400 1892 in
423 1835 640 1891 Historia
657 1839 898 1886 Nomen:

103 1927 210 1976 Fam
601 1898 717 1958 Erga
739 1913 815 1958 age
829 1929 842 1950 ,
857 1896 893 1956 fi
923 1895 1023 1958 quid
1040 1893 1150 1950 scire
1177 1893 1320 1942 voles,
1344 1893 1420 1954 qui
1437 1890 1578 1943 distat,
1599 1892 1806 1944 amicum,

100 1958 228 2038 strat}
258 1986 275 2033 l
601 1964 688 2014 ,Ad
711 1977 834 2025 quem
856 1961 969 2005 nulla
986 1970 1115 2022 queat
1138 1968 1193 2017 pe
1241 1957 1384 2014 ingere
1411 1952 1606 2013 epistola:

101 2065 133 2100 2
153 2023 248 2112 pro}
270 2049 299 2095 5
349 2029 504 2079 Sume
524 2028 788 2096 geminum
810 2022 1026 2074 Orbem,
1047 2018 1186 2086 Alph
1256 2018 1320 2067 eti
1338 2018 1505 2065 litteris
1523 2016 1996 2079 fignatun1‚indices
2014 2039 2096 2090 ap-

100 2089 230 2166 A⁰cad
252 2084 316 2162 '21
350 2106 488 2158 pone
508 2090 696 2140 eodem
710 2090 959 2150 Magnete
982 2095 1227 2136 armatos,
1248 2078 1511 2144 unumque
1536 2081 1650 2135 tibi,
1670 2080 1881 2134 alterum
1899 2083 1986 2137 sibi
2005 2087 2095 2139 scr.

234 2150 247 2164 ⁸
351 2168 436 2207 vet
460 2152 855 2220 planisphaetium
877 2146 1114 2197 Achates.

604 2219 692 2263 His
710 2217 775 2261 ita
799 2210 1054 2271 compofitis,
1072 2210 1109 2269 fi
1139 2207 1246 2256 claim
1272 2209 1384 2267 cupis
1403 2207 1558 2267 alloqui
1578 2209 1777 2261 amicum,

603 2272 735 2337 Qeis
762 2286 859 2335 opus
882 2273 935 2328 esi
956 2274 1008 2319 ad
1024 2271 1160 2320 verba
1186 2274 1319 2321 notis,
1339 2270 1418 2317 huc
1436 2270 1570 2328 dirige
1582 2267 1781 2328 ferrum,-

604 2343 731 2389 Mira
750 2338 889 2397 fides!
911 2336 1028 2395 longe*
1049 2337 1124 2400 qui
1145 2334 1293 2389 distat,
1317 2334 1453 2380 cernit
1470 2332 1675 2385 Achates,

604 2404 786 2453 Nullius
804 2401 979 2461 impulsu
995 2400 1211 2460 trepidare
1230 2394 1420 2445 volubile
1436 2393 1624 2454 ferrum,

603 2468 742 2516 Nunc
760 2465 866 2518 huc,
884 2479 990 2510 nunc
1016 2465 1113 2509 illuc
1137 2461 1391 2519 discurrere:
1427 2458 1604 2513 conscim
1619 2458 1762 2511 haeret,

605 2525 893 2593 Observa‘tque
902 2525 1006 2588 styli
1024 2519 1505 2587 duffum,‚(equit12rque
1528 2522 1697 2582 legende

1915 2593 2043 2641 Hinc*
