2222 2905
725 57 903 120 'sphinx
934 56 1179 122 Clariffima.
1757 82 1779 126 3
1790 82 1815 128 3

224 147 426 211 LEUC:
490 148 554 205 Et
574 162 684 220 quae
706 155 848 208 clava
877 158 970 206 erit
992 168 1099 207 tam
1119 154 1264 205 fortis
1280 188 1293 210 ‚
1316 169 1429 221 quae
1450 157 1580 210 vites
1609 157 1740 212 adef>
1760 163 1880 212 vali-2

96 217 196 276 dae,
220 235 276 271 ut
297 220 480 286 Hydrae
497 218 616 269 huic
637 221 960 271 confundant
983 216 1334 269 monstrosum
1353 224 1532 287 caput?
1591 227 1750 273 MEL:
1794 224 1882 277 hie

101 297 260 351 opus,
284 283 368 334 hic
385 282 532 333 labor
550 279 645 335 est3
695 283 912 333 imbellis
935 282 1155 336 nimium
1179 279 1248 331 est
1273 282 1372 349 ipsa
1403 300 1582 336 manus
1604 289 1881 345 Herculea,

95 347 184 398 hic
215 363 342 415 opus
372 342 442 395 est
459 345 668 396 brachio
693 348 1095 413 omnipotentis.
1195 347 1282 396 Ne
1298 359 1472 397 tamen
1495 349 1617 398 nihil
1643 367 1789 416 agere
1810 355 1882 402 vi-

96 413 274 463 deatur
297 409 499 461 Philoso
538 409 645 464 hia,
670 425 728 458 ex
746 413 953 460 veritate
974 406 1204 475 gemina,
1227 409 1445 484 superius
1471 408 1698 469 stabilit-a,
1712 414 1777 464 fic
1799 432 1880 465 ur-

99 476 235 541 gebit
256 473 464 524 Theoso
523 489 595 522 ,us
621 473 873 530 ejusmodi
899 472 1269 539 Philosophum
1287 476 1649 525 irrationalem.
1726 481 1887 527 Datur

98 540 288 592 DEUs,
313 534 437 602 ergo
499 548 690 591 reator,
707 536 734 586 a
753 552 865 602 quo
887 538 1138 587 formatus
1152 570 1165 593 ,
1187 551 1286 601 pro
1306 551 1415 601 quo
1434 554 1484 587 es
1503 538 1683 589 fastus:
1718 540 1803 591 hic
1823 542 1878 593 fi-

98 604 175 651 nis
205 613 345 654 mus,
366 602 567 655 unicus,
583 601 805 656 ultimus,
821 601 884 650 ab
904 598 1001 650 isto
1025 602 1277 665 quantum
1296 602 1484 651 recedis
1498 603 1728 657 ‚tantum
1750 604 1878 656 arua

95 664 331 715 felicitate
350 664 553 714 discedis
582 681 594 712 :
643 664 751 713 haec
781 677 868 714 tua
903 663 1192 719 beatitudo,
1212 677 1351 713 extra
1381 679 1538 728 quam
1559 682 1670 716 non
1691 671 1880 732 poteris

93 744 206 781 non
253 726 346 777 effe
365 727 524 784 miser.
624 725 816 777 Frustra
863 730 1052 793 vagaris
1085 743 1174 792 per
1212 740 1457 777 creaturas
1497 747 1508 777 ε
1544 729 1745 796 spinofae
1768 732 1881 782 sunt

92 791 475 842 mundidivitiae
497 824 511 846 ⁹
547 793 665 853 quia
721 803 947 857 ungunt:
983 807 1163 841 amarae
1191 790 1558 860 deliciaefquia
1598 795 1874 846 transeunt:

95 870 235 911 vanae
253 853 521 905 honorum
543 855 685 903 illece
723 871 786 906 rae
815 889 829 910 ‚
865 856 982 919 quia
1003 855 1319 905 evanescunt.
1421 857 1620 907 irritant
1645 871 1875 915 terrena,

95 933 209 969 non
234 917 407 967 satiant
431 951 446 973 ,
480 917 599 968 hine
619 920 903 983 inquietum
924 935 1016 968 cor
1034 931 1182 967 tuum
1209 920 1299 967 erit
1318 951 1332 972 ‚
1354 919 1444 969 nisi
1482 922 1536 969 in
1569 934 1745 972 centro
1767 922 1874 974 hoc

94 981 433 1045 conquiescat.
535 982 674 1045 Quid
699 979 874 1032 frustra
894 994 1101 1046 torques
1133 994 1182 1030 te
1204 982 1382 1031 miser?
1414 981 1449 1032 fi
1473 999 1585 1034 non
1613 999 1794 1036 movet
1819 999 1874 1036 te

100 1045 391 1095 excellentia
409 1044 519 1094 finis
535 1078 547 1100 ,
583 1046 618 1095 fi
637 1062 748 1097 non
768 1046 917 1096 trahit
939 1045 1243 1103 jucunditas,
1263 1045 1297 1094 si
1323 1058 1410 1096 tua
1436 1058 1487 1096 te
1516 1063 1627 1098 non
1655 1051 1780 1115 rapit
1801 1050 1874 1099 fe-

93 1109 252 1158 licitas
273 1144 287 1160 ,
324 1106 576 1158 necessitas
597 1121 646 1157 te
669 1122 845 1173 cogat,
881 1120 1090 1174 oportet
1111 1126 1122 1156 ε
1160 1120 1245 1157 aut
1267 1112 1432 1161 enim,
1454 1111 1793 1164 conformiter
1806 1114 1874 1164 ad.

93 1170 253 1221 finem
273 1171 498 1222 vivendo
522 1205 535 1225 ‚
571 1172 708 1221 dabis
742 1172 965 1220 debitam
983 1173 1201 1220 Numini
1231 1173 1448 1235 gloriam
1469 1209 1480 1224 ‚
1519 1188 1604 1224 aut
1623 1209 1637 1230 ‚
1668 1177 1872 1241 agendo

92 1233 397 1283 difformiter
423 1267 437 1289 ,
473 1234 610 1284 dabis
636 1246 829 1283 certam
849 1250 908 1283 ae
935 1234 1279 1284 inevitabilem
1296 1251 1540 1300 poenam:
1579 1251 1663 1288 aut
1694 1242 1874 1306 sponte

93 1296 397 1361 glorificabis
420 1298 547 1363 inter
566 1298 784 1362 Superos
805 1299 1099 1346 Bonitatem
1122 1297 1347 1348 divinam
1369 1333 1383 1354 ‚
1418 1313 1503 1349 aut
1529 1300 1706 1354 coafite
1736 1303 1872 1370 apud

93 1361 290 1411 Inferos
310 1358 660 1410 severissimam
694 1361 931 1408 tolerabis
954 1357 1229 1418 justitiam.-
1267 1361 1560 1414 alterutrum
1575 1362 1874 1424 estneeeffe‚

90 1425 237 1488 elige.
309 1422 546 1475 Ulterius:
583 1440 688 1469 unus
706 1422 760 1476 est
783 1425 954 1471 DEUS
976 1456 990 1477 ,
1027 1424 1137 1472 Cor
1167 1440 1330 1474 unum
1357 1444 1366 1474 ε
1402 1443 1493 1476 cur
1525 1428 1649 1494 ergo
1696 1432 1877 1482 dividis

93 1488 299 1538 DEUM
331 1489 458 1535 inter
480 1489 529 1536 ὃς
561 1487 825 1535 Creaturas
852 1487 869 1534 ‘e
905 1488 1103 1551 ingrate
1131 1489 1140 1535 !
1177 1490 1254 1537 Te
1283 1500 1454 1539 totum
1492 1492 1618 1548 tibi,
1652 1492 1764 1545 imo
1792 1508 1874 1545 to·-

94 1563 204 1602 tum
219 1565 430 1613 quoque
449 1549 494 1598 se
524 1550 612 1598 tibi
640 1549 778 1598 dedit
799 1583 812 1604 ,
834 1567 922 1599 cut
943 1566 999 1598 ex
1022 1563 1139 1599 toto
1160 1563 1215 1600 tu
1238 1552 1619 1619 reddiaparteni
1634 1591 1647 1611 ‚
1675 1561 1723 1608 ὃ(
1740 1558 1872 1609 hanc

92 1628 203 1664 non
226 1625 392 1662 totam
413 1614 430 1662 ἒ
466 1611 560 1679 pro
586 1613 765 1663 dolor!
801 1615 973 1663 Tanto
994 1629 1145 1679 negas
1168 1616 1419 1665 tantillum
1443 1620 1453 1667 !
1484 1618 1684 1677 Infinitus
1701 1621 1782 1677 est,
1819 1627 1871 1675 &

93 1680 237 1734 omnia
259 1689 464 1740 tanquam
489 1677 668 1723 nihilum
693 1693 836 1724 coram
855 1677 948 1738 Ipfi)
972 1701 988 1732 ‚·
1027 1693 1206 1727 coram
1226 1678 1389 1728 nihilo
1414 1684 1680 1739 omnium,
1700 1687 1869 1736 minus
1905 1701 1972 1759 ps]
1992 1705 2066 1760 38,

91 1740 254 1790 nihilo
275 1741 386 1790 Cor
403 1753 551 1789 tuum
577 1774 589 1795 ,
622 1744 676 1791 ’ἀ
698 1752 871 1789 tamen
888 1740 993 1790 hoe
1016 1775 1029 1796 ,
1065 1741 1202 1791 danti
1222 1745 1399 1793 omnia
1425 1778 1438 1799 ‚
1474 1749 1694 1796 recusas?
1721 1764 1869 1800 avare

94 1803 314 1854 nimium
340 1837 353 1858 ‚
389 1803 621 1867 quidum
641 1802 818 1852 sufficis
838 1805 987 1854 DEO
1012 1837 1025 1857 ‚
1059 1804 1147 1853 tibi
1170 1806 1347 1856 DEUS
1382 1822 1493 1858 non
1525 1809 1702 1861 sufficit
1739 1814 1748 1861 Ξ
1785 1813 1868 1862 sed

93 1868 214 1930 quid
244 1868 470 1930 loquor?
506 1882 690 1931 magna
707 1865 915 1930 perfidia
934 1899 947 1920 ,
996 1868 1106 1916 Cor
1129 1869 1276 1918 DEO
1292 1869 1409 1918 dare
1428 1871 1724 1923 dimidium:
1761 1892 1865 1926 ma-

90 1932 170 1989 jor
190 1965 203 1986 ‚
239 1928 450 1978 aufferre
469 1942 678 1979 totumx
714 1931 933 1978 ‘maxima
956 1962 970 1984 ‚
1006 1929 1230 1979 ablatum
1265 1933 1415 1982 DEO
1438 1967 1451 1987 ,
1488 1947 1661 1986 totum
1693 1939 1863 1989 eonse-

92 1993 479 2045 crate'diabolt).
548 1993 624 2043 At
649 1990 875 2042 honores
896 1995 1177 2057 promittit:
1212 1993 1394 2046 scilieet
1420 2012 1665 2062 magnum
1687 2003 1865 2058 inane,
1890 2006 1893 2007 ⁷

93 2060 147 2108 δε
167 2057 352 2122 grande
372 2056 527 2111 nihil3
562 2056 686 2120 quid
708 2058 845 2105 enim
869 2056 1054 2121 sceptra
1080 2090 1096 2111 ‚
1130 2055 1218 2115 nisi
1242 2074 1400 2110 aureae
1424 2063 1697 2127 compedes
1713 2066 1866 2129 ?quid

80 2135 314 2185 ¹purpura
348 2153 362 2175 ,
397 2120 486 2171 nisi
525 2119 726 2169 miseriae
761 2122 1153 2184 tegumentum?
1188 2125 1242 2167 In
1279 2137 1490 2171 momento
1527 2122 1864 2181 ostenduntur
1896 2107 2076 2165 Maffl'v

96 2185 479 2244 mundiImperia:
515 2187 569 2230 In
590 2197 825 2233 momento,
863 2185 980 2246 quia
998 2183 1122 2232 dum
1145 2184 1343 2248 placent
1364 2220 1378 2238 ‚
1414 2188 1693 2238 transeunt:
1731 2191 1860 2245 osten-
1959 2184 2006 2228 4·

98 2247 285 2297 duntur,
322 2249 440 2308 quia
459 2262 569 2296 non
595 2244 904 2311 possidentur
923 2264 937 2293 2
975 2261 1084 2309 quae
1106 2249 1280 2296 omnia
1303 2285 1315 2298 ‚
1354 2249 1482 2299 bene
1499 2250 1534 2299 fi
1557 2251 1861 2306 ndfientho-

95 2311 258 2358 mines
281 2340 296 2363 ‚
329 2309 470 2374 plura
482 2307 632 2358 efl'ent
643 2312 841 2373 Regna,
856 2308 1010 2372 quam
1024 2312 1208 2375 Reges.
1244 2311 1321 2360 At
1332 2313 1542 2365 Divitias
1556 2315 1732 2370 offert3
1747 2333 1858 2381 quae

96 2384 148 2419 te
168 2387 438 2437 pauperem
459 2373 665 2422 faciant:
702 2388 824 2422 nam
847 2386 963 2421 toto
988 2385 1101 2438 eget
1125 2374 1326 2424 mundo
1347 2409 1360 2429 ‚
1397 2378 1533 2436 cujus
1566 2395 1676 2430 non
1697 2383 1861 2446 explet

94 2433 318 2484 mundus
339 2436 687 2501 cupiditatem:
724 2439 919 2485 animus
938 2437 1190 2499 quaerendi
1207 2439 1477 2502 cupiditate
1494 2445 1663 2494 anxius
1683 2477 1697 2499 ‚
1716 2447 1859 2494 amit·

93 2497 233 2557 tendi
276 2510 419 2551 metu
453 2499 752 2552 miserrimus
777 2533 791 2558 ,
827 2500 891 2551 ad
921 2515 1103 2551 omnes
1130 2500 1344 2554 fortunae
1366 2504 1563 2562 injurias
1582 2505 1861 2574 expositus,

986 2564 1025 2614 E
1681 2584 1791 2637 quo
