2177 2905
771 103 916 151 M‘omi
943 101 1152 158 Fenestra.
1678 109 1768 166 189

83 198 166 251 hic
183 201 398 253 Timon,
412 195 500 247 nifi
518 194 780 252 musicam,
801 194 1019 260 eamque
1046 195 1153 259 quo
1174 195 1333 263 magis
1355 193 1595 250 moestam
1610 232 1624 255 ,
1647 198 1712 250 eo
1733 214 1832 265 pro

82 266 235 329 genio
259 260 418 326 magis
447 276 727 310 amoenam.
808 258 972 330 Qod
990 260 1024 328 fi
1047 261 1236 310 laetiore
1255 262 1448 326 plectro
1473 262 1758 314 effundatur
1777 265 1832 313 in

83 328 290 392 gaudia,
310 322 440 375 adeo
459 326 702 374 rimarum
736 325 941 389 plenum
972 328 1017 373 le
1037 325 1246 388 probat,
1268 338 1321 375 ut
1340 327 1458 382 risu,
1484 323 1662 391 jocisq3
1693 328 1828 392 peni-

83 389 162 439 tus
182 388 397 440 diffluat:
428 387 510 436 sed
529 385 643 453 post
665 388 864 437 scenam
883 387 1017 437 hanc
1036 388 1299 443 ludicram,
1316 389 1401 439 ubi
1424 391 1557 441 solus
1576 390 1662 440 fibi
1681 392 1836 441 relin-

84 456 276 516 quitur,
299 454 353 503 in
384 452 683 517 profundius
711 452 978 501 taediorum
1014 451 1167 501 chaos
1190 453 1425 503 relabitur
1446 487 1459 508 ,
1491 454 1629 503 suam
1666 453 1828 504 effusis

78 515 256 580 largius
283 516 513 580 lacrymis
543 513 782 563 tristitiam
806 517 1057 578 recoquit,
1074 515 1264 565 muscas
1286 533 1404 566 cum
1422 518 1729 568 Domitiano
1749 533 1829 567 ex-

80 583 299 631 animat,
318 573 544 640 mane'sq3
565 579 677 627 suos
706 581 971 629 examinat,
999 594 1165 627 rerum
1194 582 1421 629 inanium
1447 583 1605 629 inanis
1632 582 1827 630 Scruta-

74 656 173 692 tor.
266 642 398 690 Hinc
424 642 709 690 obnoxium
741 642 832 689 sese
853 641 1043 694 reddit,
1066 643 1201 690 mille
1228 643 1610 708 suspicionibus,
1630 643 1827 709 scrupu-

73 708 133 756 Iis
155 739 168 761 ,
201 704 675 770 apprelienfionibus
705 707 840 754 vanis
868 737 882 759 ,
919 703 1322 769 daemonumque
1349 707 1567 764 ludibrijs
1598 709 1750 760 veris,
1773 710 1826 757 ὅ(

74 766 129 818 ni
151 781 309 818 metas
329 781 504 835 ponat,
526 768 796 817 exundanti
816 781 1068 833 praerupto
1100 785 1277 833 aggere
1297 769 1523 824 humori,
1537 770 1825 819 cavendum

74 833 138 882 de
159 833 446 896 laqueo,vel
466 832 791 896 aperiendum
813 829 945 881 certe
975 834 1217 898 sapientiae
1240 846 1470 883 extremae
1489 832 1831 899 gymnasium,-

73 896 217 960 ‘quod
247 894 488 948 afferunt,
512 895 954 959 morotrophium..
1633 958 1637 960 λ

203 959 402 1010 LEUC:
471 958 721 1006 Geminos
741 958 836 1006 hos
857 974 954 1022 ego
975 958 1147 1008 fratres
1171 975 1279 1009 non
1301 961 1526 1012 dixerim,
1549 960 1636 1010 nifi
1658 959 1824 1009 forsan
1853 962 2028 1030 Tempe.

75 1018 343 1072 Castorem
366 1024 415 1071 ὅ(
438 1021 729 1075 Pollucem,
752 1036 977 1084 quorum
1001 1025 1193 1072 oriente
1214 1041 1348 1079 uno,
1370 1025 1557 1074 occidit
1574 1025 1720 1075 alters
1743 1023 1823 1074 vel
1855 1048 2022 1079 ramea-

72 1085 244 1134 faltem
265 1086 498 1149 geminos
523 1084 679 1133 Polos
695 1117 708 1138 ,
729 1099 953 1146 quorum
974 1085 1110 1134 hunc
1137 1088 1376 1136 arcticum
1391 1122 1404 1142 ,
1432 1089 1576 1137 illum
1599 1087 1824 1136 antareti-
1858 1106 1951 1142 tum
1969 1096 2065 1143 cho-

72 1164 194 1197 cum
215 1148 479 1212 appellant.
558 1149 714 1194 MEL:
798 1150 872 1196 Ita
894 1145 987 1196 est:
1026 1149 1106 1197 sed
1137 1152 1221 1198 en!
1245 1151 1396 1206 aliud,
1418 1167 1528 1200 non
1560 1151 1727 1200 minus
1752 1150 1822 1200 di·
1852 1158 2046 1208 lericum.

71 1212 192 1277 spat,
210 1227 296 1276 par
315 1211 489 1259 nobile
504 1209 739 1259 fratrum,
801 1213 922 1259 Fixis
940 1211 1076 1260 hunc
1095 1215 1256 1263 oculis
1274 1214 1694 1269 intuere,⁴v-idebis
1717 1230 1829 1265 ma·-

69 1276 312 1323 cilentum
330 1308 342 1328 ,
363 1286 418 1322 ut
440 1276 594 1337 igneo
621 1274 788 1322 calore
813 1274 1051 1323 ficcatum
1073 1276 1334 1325 scheleton
1354 1278 1604 1332 crederes,
1623 1277 1711 1326 nisi
1731 1277 1821 1343 spi-

69 1338 242 1388 ritibus
266 1338 494 1387 vividum
509 1370 522 1389 ,
546 1332 774 1400 agileque
804 1353 987 1401 corpus
1012 1340 1187 1388 vivum
1212 1342 1525 1389 Mercurium
1554 1341 1818 1406 probaret:

67 1403 204 1450 crine
227 1403 383 1464 niger,
407 1403 456 1449 ὅ(
479 1401 683 1463 crispus,
716 1400 975 1462 subniger,
1000 1400 1242 1465 rususque
1276 1404 1470 1459 fronte,
1491 1417 1546 1453 ut
1569 1405 1631 1454 de
1654 1405 1743 1454 illo
1762 1404 1819 1454 si-

67 1464 120 1514 bi
142 1465 326 1514 merito
349 1475 521 1513 caveat
540 1464 835 1512 Romanus:
871 1463 1016 1512 vultu
1037 1463 1184 1530 spirat·
1211 1467 1498 1521 Catonem,
1515 1470 1817 1517 Romanam

66 1530 258 1577 curiam
280 1531 332 1576 in
354 1526 631 1590 supercilio,
646 1526 958 1590 Capitolium
980 1529 1033 1575 in
1052 1531 1184 1594 rugis
1213 1531 1503 1579 circumfert
1516 1548 1535 1579 :.
1564 1531 1719 1581 sidera
1742 1547 1825 1582 ra--

67 1592 139 1640 dit
162 1592 329 1640 cresto
356 1590 569 1643 vertice,
592 1604 686 1637 nec
712 1589 800 1638 nisi
822 1593 1050 1639 extremis
1081 1592 1290 1657 pedibus
1319 1605 1503 1642 terram
1525 1597 1714 1660 tangit:
1743 1598 1816 1645 in-

67 1656 245 1717 quietae
269 1648 731 1717 manus,pede'sque
745 1670 768 1706 5>
783 1656 1062 1704 concitatus
1085 1652 1155 1704 est
1173 1655 1428 1721 gradusmi
1447 1660 1687 1723 gravitate
1710 1659 1816 1708 for-'-

62 1718 188 1768 fitan
217 1715 444 1766 affestata
466 1716 712 1770 humum,
734 1716 903 1781 positis
930 1719 1085 1768 veluti
1104 1723 1385 1776 columnis,
1405 1722 1667 1787 percellat:
1703 1734 1815 1772 tota

63 1784 269 1847 corpori
301 1780 549 1830 habitudo
580 1776 649 1828 est
672 1781 862 1844 gracilis
877 1813 889 1835 ,
912 1780 1118 1831 robusta
1145 1796 1347 1839 tamen,
1372 1785 1599 1847 loquitur
1622 1783 1726 1836 cito
1742 1819 1755 1842 ,
1776 1785 1813 1835 fi

63 1858 237 1894 tamen
270 1845 496 1907 loquitur
516 1876 529 1897 ,
559 1845 610 1892 ὅς
643 1859 753 1891 non
781 1843 948 1906 potius
979 1847 1163 1895 clamat
1185 1881 1198 1901 ,
1227 1848 1397 1896 calore
1430 1850 1653 1913 linguam
1682 1861 1813 1898 exte-

60 1921 273 1958 nuante:
310 1908 429 1956 hinc
458 1906 632 1954 balbus
661 1906 976 1969 frequenter,
1000 1911 1139 1960 malo,
1164 1908 1220 1958 ut
1255 1913 1321 1958 ait
1341 1912 1597 1964 Baconus,
1618 1912 1811 1970 Virisfiz-
1841 1909 2009 1956 Barone

55 1971 274 2034 pientibus
304 1974 360 2019 &⁰
371 1969 852 2033 praeclarsssrfrequente..
929 1973 991 2019 Et
1011 1972 1147 2029 cujus
1175 1984 1231 2021 tu
1259 1977 1645 2038 temperamenti
1670 1975 1808 2027 hunc
1837 1972 1886 2020 V
1876 1973 2017 2020 erula-

59 2036 330 2086 hominem
355 2033 575 2092 judicas?
591 2032 822 2095 nunquid
841 2031 992 2082 flama
1012 2035 1312 2085 Promethei·
1326 2039 1624 2094 animatum,
1642 2039 1808 2105 ignea·
1838 2035 2055 2097 miofflva

61 2114 171 2163 que·
188 2110 497 2163 prognatum
527 2094 830 2150 cholerasst
857 2098 937 2146 vel
960 2113 1027 2146 ex,
1044 2098 1148 2163 ipsa·
1166 2100 1523 2151 aumaetherea
1550 2102 1805 2169 delapfiim
1828 2099 1993 2162 sylvar.

59 2161 261 2212 afferes?
298 2161 414 2210 hinc
434 2160 782 2225 horoscopum
804 2159 838 2208 fi
858 2159 974 2210 huic
998 2160 1069 2210 fas
1088 2161 1145 2210 fit
1169 2160 1403 2219 statuere,
1425 2165 1556 2215 dices
1579 2169 1804 2230 quietem
1836 2175 1944 2218 cent.
1966 2175 2015 2221 4·

57 2227 185 2276 illius
208 2225 275 2273 sat
297 2225 609 2294 inquietam,
629 2226 745 2288 quia
774 2225 1064 2293 modicam,
1086 2222 1309 2292 saepeque
1336 2230 1473 2277 vanis
1495 2246 1582 2295 per
1607 2230 1804 2284 somnia
1832 2245 1873 2277 n·
1899 2228 2005 2285 386·

57 2292 185 2342 rixis,
201 2288 454 2344 incendus,
470 2288 684 2336 caedibus
703 2287 954 2336 turbatam
970 2306 991 2336 :z
1015 2288 1300 2340 inhiantem·
1316 2292 1465 2341 acidis
1492 2293 1688 2351 affereS,
1706 2312 1804 2347 nec

56 2352 273 2403 modico
307 2351 532 2401 laturum*
558 2352 838 2406 alimento,-
860 2353 939 2401 vix
968 2353 1367 2405 tamen‘ioffibus
1404 2355 1687 2415 haesurum,
1713 2361 1802 2411 etfi

58 2418 331 2467 continuus
351 2416 712 2464 conviviorum
729 2415 896 2464 eidem
914 2415 1090 2466 flueret
1102 2419 1359 2486 Eurippus.
1459 2422 1698 2472 Indolem
1721 2425 1804 2474 de-

57 2480 262 2530 clarabis
283 2512 295 2533 ,
319 2478 545 2528 moribus
566 2478 812 2544 asperam,
836 2479 985 2528 dente
1005 2481 1278 2546 Cynicam,
1299 2485 1694 2536 contradidiorio
1716 2489 1804 2553 spi-

57 2546 165 2601 ritu.
175 2543 483 2604 aculeatam,
506 2540 713 2599 audacia
741 2543 1048 2663 animgsam:
1083 2544 1201 2602 hinc
1216 2547 1383 2614 saepius
1405 2550 1804 2613 vitatam2quarn

949 2622 977 2662 a
1010 2620 1037 2669 3
1606 2629 1742 2666 ama-
