2177 2905
105 1975 214 2012 cent.
231 1975 274 2009 1.

405 95 503 141 134
977 81 1215 129 Academia
1240 82 1491 129 Brutorum.

335 173 493 240 Qui,
519 166 1055 232 inquitAldi-ovandus
1073 187 1082 217 :
1102 169 1237 222 sunt,
1264 172 1350 232 qui
1372 168 1496 217 dum
1520 167 1642 217 alios
1662 165 1809 216 labore
1826 173 1999 218 vincere
2005 170 2096 227 fiu-

334 239 457 285 dent,
479 238 523 281 in
544 234 679 279 medio
703 243 827 293 opere
845 235 1164 281 immoriantur.
1202 249 1229 282 a
1262 232 1527 278 Continentici
1549 247 1643 297 prae
1668 233 1867 295 reliquis
1890 234 1934 282 se
1953 234 1997 282 sc
2018 252 2098 285 ce-
2175 266 2177 269 ·

257 349 269 359 ‚
337 300 495 348 lebres
516 296 733 345 reddunt
750 298 1008 350 Turtures,
1025 297 1296 361 bigamiam
1319 311 1532 343 omnem
1556 294 1709 344 exosi:
1751 296 1948 348 Casticate
1973 299 2097 364 Api-

337 363 487 414 culae‚
521 361 624 417 jure
653 358 679 408 ὲ
707 361 783 408 Μ.
810 359 1044 409 Varrone
1079 360 1217 408 dista:
1253 375 1356 404 aves
1387 361 1613 417 virginea,
1646 358 1950 423 Musariimque
1971 363 2096 408 volu-

339 443 453 473 cres:
502 424 534 472 b
571 438 677 473 non
702 426 839 471 enim
869 424 1049 484 Corpora
1072 423 1209 481 [egnes
1228 424 1272 467 in
1295 421 1498 468 Venerem
1511 423 1714 478 fhlvunt,
1740 437 1814 468 nec
1830 421 1962 481 foetus
1984 427 2099 471 nixi-

261 537 273 548 ,
335 489 410 536 bue
433 489 577 535 edunt.
615 502 642 535 c
675 487 958 546 simplicitate
981 487 1297 535 celebrantur
1323 485 1617 539 Columbae‚
1635 487 1896 550 Serpentes
1920 489 2104 548 pruden-

336 551 401 601 τὶἂ
423 552 548 600 dum
570 565 745 599 aurem
766 565 918 598 unam
941 562 1078 598 terrae
1103 548 1328 612 affigunt,
1346 549 1554 597 alteram
1583 548 1742 602 cauda
1763 549 2001 614 sapienter
2025 549 2098 597 ob-

336 628 510 666 turant,
535 631 586 660 ne
607 615 838 660 exaudiant
860 629 1008 659 vocem
1028 612 1206 670 venefici
1225 615 1500 660 incantantis.
1584 611 1908 672 Abnegationis
1931 629 2094 677 quoq3

337 680 575 728 encomia
596 677 880 726 retulitLeo
902 677 982 725 ille
996 675 1388 729 Barcinonensis,
1414 691 1441 723 e
1460 678 1623 738 qui‚ut
1646 676 1861 725 furiosos
1877 676 2095 726 nimium

338 746 418 793 irae
440 744 657 806 impetus
679 740 1056 793 moderaretur,
1076 752 1180 787 tam
1204 740 1433 787 violento
1459 741 1502 787 se
1525 739 1570 786 se
1602 741 1815 802 imperio
1847 741 2097 805 compres-

340 805 397 856 sit
411 839 425 860 ‚
444 816 499 854 ut
517 801 679 855 subito
710 815 991 853 moreretur
1005 836 1018 857 ,
1041 803 1223 851 fortior
1244 805 1415 864 utique
1435 802 1558 850 dum
1580 801 1650 854 se,
1673 800 1829 862 quam
1851 803 1974 851 dum
1994 803 2097 853 for-

267 891 303 926 η
340 868 520 918 tissima
557 868 676 917 vicit
709 867 941 915 animalia
964 899 976 919 ‚
1015 862 1398 930 prostravitque.
1510 864 1591 911 Sic
1625 878 1858 913 amorem
1886 879 2097 927 quoque

341 928 624 984 coelestium
646 945 741 979 nos
757 929 910 978 docet
924 928 1275 998 Uranoscopu}
1289 927 1441 991 piscis,
1456 924 1483 974 ὲ
1504 926 1699 983 juniore
1711 927 1878 976 Tobia
1897 941 2093 992 captus:

280 1043 291 1053 ,
341 1011 541 1046 nomen
557 995 699 1042 traxit
722 1009 780 1040 ex
803 994 1004 1041 omine3
1039 1006 1160 1039 nam
1183 1005 1391 1039 umeum
1413 990 1623 1039 oculum
1643 1005 1835 1054 gerens,
1856 1006 1963 1054 quo
1978 992 2101 1041 Coe-

342 1063 450 1109 lum
471 1058 678 1123 speetat,
698 1055 866 1104 erecto
885 1054 1078 1120 semper
1096 1051 1187 1103 stat
1221 1068 1464 1119 corpore,
1502 1052 1638 1117 quasi
1657 1054 1806 1105 nobis
1836 1066 2100 1121 oggereret

291 1169 302 1181 ,
342 1122 466 1173 illud
485 1119 674 1177 Ovidii.
712 1118 742 1167 f

635 1187 692 1230 Os
709 1183 871 1230 homini
880 1179 1065 1238 fitblime
1088 1183 1206 1229 dedit
1219 1216 1230 1232 ‚
1247 1179 1478 1245 Coeliimque
1495 1183 1614 1228 tueri

637 1245 798 1307 Juffit,
820 1247 876 1293 (Τ
898 1245 1055 1292 erectos
1079 1247 1132 1292 ad
1152 1247 1299 1292 Sidera
1320 1247 1467 1291 tollere
1489 1245 1654 1293 vultus.
1725 1289 1729 1290 γ

347 1314 513 1364 Etiam
546 1312 688 1359 Crucis
710 1325 899 1356 amorem
933 1308 1055 1372 (qui
1085 1312 1136 1358 in
1160 1308 1452 1359 hominibus
1483 1306 1659 1366 rarus)
1695 1309 1894 1375 reperiri
1922 1311 1974 1361 in
2000 1311 2104 1360 ani-

266 1424 277 1436 ,
346 1377 561 1428 malibus
580 1372 793 1423 Author
811 1369 880 1420 est
902 1373 1308 1437 Nierenbergius„
1345 1388 1377 1436 g
1411 1373 1503 1421 Ait
1532 1372 1640 1427 ille,
1670 1373 1843 1423 Avem
1874 1374 2103 1424 Indicam

347 1439 442 1490 effe
476 1438 499 1497 (
520 1440 600 1487 cui
622 1451 820 1487 nomen
842 1435 1199 1492 Hoitzjltotlus)
1236 1438 1465 1501 exiguam
1495 1451 1715 1501 corpore
1735 1469 1749 1490 ‚
1785 1437 1867 1486 sed
1889 1437 2103 1502 pruden-

347 1501 416 1554 tia
436 1501 658 1566 quadam
689 1498 966 1549 incredibili
997 1501 1393 1564 praecellentem:
1440 1515 1550 1563 quae
1573 1496 1903 1564 posteaquam
1935 1501 2106 1552 adole-

347 1569 500 1620 verit,
523 1578 788 1630 proceram
811 1563 1048 1611 arborem
1079 1577 1290 1626 quartat,
1320 1566 1372 1612 in
1404 1579 1527 1628 qua,
1552 1578 1769 1626 quoquo
1800 1561 1967 1629 potest
1994 1582 2109 1616 mo-

349 1631 441 1685 do,
463 1625 804 1690 crucifigatur:
840 1625 1086 1687 siquidem
1118 1626 1262 1675 affixa
1290 1624 1482 1680 rostro,
1505 1642 1562 1674 ex
1592 1642 1650 1675 ea
1681 1627 1728 1674 se
1749 1627 2021 1691 suspendit,
2043 1644 2104 1678 ac

351 1709 437 1760 per
464 1686 696 1740 semestre
728 1688 962 1752 spatium,
985 1701 1069 1737 aut
1098 1689 1279 1746 jejuna,
1304 1702 1390 1738 aut
1413 1701 1618 1739 mortua
1646 1689 1713 1737 illi
1736 1689 1980 1744 adhaeret,
2009 1692 2103 1741 do-

349 1772 445 1807 nec
468 1754 624 1804 vitalis
649 1755 689 1809 ej
713 1751 945 1800 refloreat
963 1767 1184 1801 annona.
1222 1752 1256 1801 h
1287 1753 1387 1802 Sed
1394 1752 1636 1811 fidelitatis,
1658 1755 1707 1802 ὃς
1726 1755 2006 1814 gratitudinis
2023 1755 2107 1804 de-

352 1835 473 1870 cora
494 1818 525 1867 s1
550 1817 941 1881 praetermittam,
956 1815 1018 1863 de
1038 1817 1312 1864 Brutorum
1329 1816 1501 1866 Ethica
1521 1815 1643 1864 nihil
1666 1817 1779 1868 dixi,
1806 1816 1883 1866 vel
1906 1832 2100 1881 parum.

350 1882 558 1949 Speciali
580 1876 834 1928 memor-iii
854 1878 1130 1927 celebratur
1151 1881 1328 1927 canina
1346 1879 1549 1944 species,
1574 1894 1725 1941 quam
1751 1874 2105 1944 hominifideliffl-

349 1962 463 1995 mam
486 1942 687 1994 testatur
712 1943 922 1993 Pliniu33
947 1941 1152 2007 Lyplius
1173 1939 1298 1993 vero
1322 1943 1560 2008 exemplis
1585 1942 1872 1997 confirmat,
1891 1956 2104 2009 uterque

106 2038 171 2088 ‘p-
176 2039 208 2084 4
209 2023 319 2083 42&
352 2011 415 2060 de
438 2012 712 2060 Brutorum
730 2005 1009 2070 Republica
1030 2001 1224 2069 optime
1251 2007 1474 2056 meritus.
1574 2006 1722 2056 Aluit
1739 2022 1918 2056 canem
1939 2008 2101 2074 Lypfij

105 2102 215 2137 cent.
235 2101 275 2146 3.

108 2149 223 2215 epzst.
234 2151 308 2209 56.

353 2075 514 2126 Avia,
542 2073 628 2134 qui
651 2069 712 2118 ab
739 2072 1021 2133 aegrotantis
1045 2070 1272 2119 thalamo
1295 2102 1310 2123 ‚
1333 2071 1382 2121 vi
1412 2069 1548 2118 nulla
1571 2070 1750 2135 depelli
1776 2082 1990 2135 poterat,
2017 2072 2105 2124 diu

353 2134 613 2215 nostrique
633 2133 789 2183 fidelis
813 2133 955 2196 vigi15
994 2136 1071 2184 vix
1091 2134 1169 2183 illa
1182 2135 1306 2184 Fatis
1324 2132 1771 2188 concefferat‚cum
1793 2134 1873 2182 ille.
1894 2135 2106 2195 ululanS,

354 2200 558 2251 reduCta
578 2194 763 2250 cauda,
793 2197 844 2245 in
869 2199 1077 2247 hortum
1102 2197 1147 2246 se
1174 2199 1411 2262 proripit,
1430 2197 1638 2260 pedibus
1667 2198 1899 2248 scrobem
1928 2199 2105 2252 leniter

356 2264 548 2315 fodieat
563 2296 575 2316 ‚
598 2261 644 2310 se
667 2262 712 2311 se
732 2263 933 2325 ingerit,
955 2264 1005 2311 ὃ(
1032 2261 1132 2311 fine
1154 2262 1387 2311 Domina
1420 2261 1529 2309 vitae
1558 2262 1783 2326 pertaesus
1798 2299 1811 2315 ‚
1834 2264 2013 2326 pariter
2034 2269 2104 2316 vi-

357 2342 473 2379 vere
499 2322 653 2375 desiit.
737 2326 788 2374 A
810 2325 1069 2374 Cadavere
1087 2324 1261 2391 Pyrrhi
1284 2323 1538 2382 cujusdam
1561 2324 1705 2374 avelli
1728 2328 1861 2375 canis
1886 2343 1994 2377 non
2014 2345 2104 2395 po-

358 2392 474 2440 tuit:
511 2388 632 2438 cum
657 2386 935 2443 efferretur,
955 2391 992 2437 is
1013 2389 1191 2439 insilire
1218 2392 1278 2439 in'
1299 2388 1483 2437 leetum
1499 2420 1512 2441 ‚
1536 2387 1656 2437 cum
1687 2389 2026 2453 deponeretur
2051 2395 2103 2442 in

359 2468 547 2518 rogum
577 2453 613 2500 is
642 2453 818 2516 pariter
839 2452 883 2502 se
906 2453 949 2501 se
968 2454 1191 2517 ingerere
1210 2487 1224 2508 ‚
1248 2455 1297 2503 <Sc
1323 2451 1420 2500 una
1440 2467 1559 2501 cum
1577 2451 1702 2500 hero
1722 2452 1877 2502 fidelis
1903 2456 2104 2509 victima

360 2519 414 2570 in
433 2519 620 2569 cineres
640 2514 812 2579 redigi.
887 2518 1029 2568 Titio
1046 2516 1235 2570 Sabino
1251 2550 1264 2573 ‚
1287 2518 1472 2569 Romae
1492 2518 1547 2567 in
1567 2531 1762 2567 carcere
1779 2520 2102 2582 interempto,

1911 2596 1969 2633 ac
1988 2584 2042 2633 in
