2177 2905
684 83 924 135 Academia
940 83 1190 133 Brutorum.
1654 95 1672 136 1
1683 100 1706 148 3
1718 98 1744 146 ς·

59 187 121 226 ac
145 172 198 223 in
224 173 370 224 scalas
389 171 668 225 Gemonias
692 170 948 238 proiecto,
976 174 1110 223 canis
1143 172 1271 224 fidus
1302 174 1476 227 assecla
1507 172 1677 232 astitit,
1697 189 1805 227 tam

56 237 345 289 horrendos
369 238 418 286 in
451 236 663 286 ululatus
696 249 992 300 erumpens,
1017 250 1072 287 ut
1095 238 1313 302 populus
1346 244 1606 290 turmatim
1638 239 1807 291 afflue-

56 297 457 364 ret,obiestoque
475 314 603 364 pane
620 297 1037 349 inconsolabilem
1054 299 1316 351 solaretur:
1352 302 1436 352 sed
1452 304 1534 352 ille
1552 316 1810 370 arreptum

4 394 7 400 -
57 361 324 416 frustulum
355 363 606 413 cadaveris
638 364 715 411 ori
754 362 1102 426 nequidquam
1131 365 1411 415 admovere
1432 399 1446 420 ,
1487 369 1540 416 in
1558 368 1806 432 Tyberim

57 429 337 496 projectum
357 427 515 488 sequi,
537 425 798 479 adnatare,
817 428 864 474 se
879 426 926 474 se
943 427 1240 493 supponere,
1263 444 1322 478 ac
1344 426 1608 479 sustentare
1628 426 1805 479 frustra

57 504 296 544 conatus,
324 490 531 539 tandem
560 503 680 537 cum
698 489 937 539 Domino
964 494 1156 556 mergi,
1176 488 1539 558 demergique,
1559 492 1806 543 fidelitatis

54 555 286 606 inauditae
304 552 478 602 relisto
501 552 650 601 etiam
674 551 969 602 hominibus
988 551 1298 605 testimonio.
1367 558 1491 611 Fuit,
1512 555 1567 607 ut
1593 555 1804 607 Authot

55 615 125 667 est
144 619 208 667 D.
225 614 544 670 Ambrosius,
567 617 653 677 qui
675 615 910 668 Domini,
934 617 996 664 de
1019 618 1170 666 nocte
1187 619 1457 674 interfecti,
1480 621 1802 671 Parricidam‚

55 681 180 730 dum
203 680 355 729 turba:
378 682 576 728 imixtus
591 711 602 729 ,
628 678 839 727 cadaver
860 690 979 729 orto
1000 681 1100 729 sole
1131 682 1406 735 accederet,
1427 684 1704 733 incredibili
1728 698 1806 733 ra-

53 745 134 793 bie
155 747 449 809 corripcret,
472 740 829 809 prosterneret,
850 743 1018 792 donec
1040 744 1171 793 ultro
1185 745 1478 794 Authorem
1501 749 1646 796 caedis
1672 748 1718 796 se
1736 747 1806 795 fa-

52 821 251 857 teretur.
334 807 463 855 lllud
490 805 731 859 mirabile,
750 806 892 869 quod
914 804 1068 856 nostri
1091 810 1333 873 temporis
1352 810 1546 858 celebre
1566 813 1802 864 Nomen,

52 872 256 920 Ascetas
278 872 433 922 inter,
463 883 867 917 commemorat:
904 872 1101 921 Herum
1138 874 1190 920 in
1214 873 1396 923 Bacchi
1441 889 1500 922 or
1536 876 1589 931 ijs
1610 906 1623 928 ,
1655 888 1806 923 more

53 931 186 983 male
214 946 447 997 recepto,
468 933 712 980 larvatum
742 928 874 980 forte
903 933 1083 983 la>serat
1105 936 1307 984 catellus
1324 940 1491 1001 impru
1530 952 1642 991 ens,
1665 937 1803 986 hunc

50 997 137 1045 ubi
160 994 375 1045 detracta
400 1011 522 1044 mox
543 992 678 1043 larva
699 1007 991 1058 agnoverat,
1011 999 1351 1063 inexplicabile
1376 1001 1532 1050 die'tu!
1606 998 1725 1049 uam
1748 1000 1803 1049 il·

51 1061 96 1108 le
119 1060 327 1116 ejulare,
347 1057 636 1122 adrependo
662 1063 860 1106 veniam
896 1072 1088 1123 petere,
1113 1062 1349 1111 baculum
1379 1080 1471 1112 ore
1500 1080 1584 1128 pre
1626 1063 1802 1113 ensum

50 1121 303 1175 offerre,&
327 1133 558 1188 parcente
580 1120 905 1169 nihilominus
917 1123 1173 1178 Domino,
1188 1124 1323 1174 tanta
1335 1126 1379 1174 se
1392 1128 1437 1175 se
1453 1127 1613 1191 ipsum
1634 1124 1802 1176 inedia

50 1183 310 1251 castigare,
333 1185 456 1233 dum
479 1184 681 1232 tandem
703 1198 932 1233 moerore:
967 1187 1227 1237 confe&us
1257 1190 1575 1239 contabuerit
1602 1189 1798 1255 potius,

48 1249 203 1314 quam
227 1246 485 1314 exspirarit.
555 1248 687 1296 Hinc
708 1243 803 1300 est,
823 1263 913 1297 cur
936 1248 1174 1308 Maffimiffa
1190 1251 1503 1311 salutemfimm
1529 1254 1709 1308 custodia
1731 1271 1799 1301 ca-
1834 1265 1980 1315 ναῖεν,

45 1329 146 1360 num
168 1312 372 1360 vaudrit:
411 1327 499 1360 cur
519 1311 733 1372 Caspiadas
749 1310 877 1357 turba
904 1329 1054 1359 canum
1074 1329 1153 1359 non
1167 1315 1335 1372 segnitis
1358 1333 1475 1363 acres
1493 1317 1659 1375 exsiliat
1675 1320 1729 1365 ad
1744 1319 1798 1366 li·
1831 1345 1948 1378 max,
1963 1330 2048 1389 (3,,

46 1391 166 1428 tuos,
183 1374 425 1438 pugnasque
447 1373 622 1434 capeffizt
644 1374 815 1421 heriles.
920 1376 1019 1425 Sed
1048 1377 1266 1441 gloriosa
1290 1379 1563 1429 latrantum
1595 1379 1796 1446 vestigia
1831 1411 1868 1444 ς,
1888 1406 1964 1452 13,

43 1457 138 1506 pro
150 1439 355 1489 Viribus
376 1438 672 1500 aemulantur
690 1438 966 1487 animantes
985 1441 1136 1488 etiam
1155 1453 1366 1491 caeterae:
1405 1445 1512 1506 quis
1537 1445 1687 1494 nescit
1701 1447 1796 1495 Bu-

44 1504 340 1568 cephalum,
367 1513 476 1550 utut
497 1500 782 1550 vulneribus
806 1516 962 1572 prope
992 1518 1296 1567 exanguem,
1325 1506 1608 1572 viribusque
1636 1510 1798 1558 exani·

43 1582 185 1616 mem
210 1565 341 1631 prius
366 1566 488 1614 Fatis
517 1580 623 1614 non
648 1563 973 1619 succubuisse,
1002 1565 1157 1628 quarn
1185 1568 1535 1620 Alexandrum
1559 1569 1587 1621 ὲ
1620 1572 1796 1629 mediis

38 1628 267 1680 hostibus
296 1642 430 1677 extra
457 1628 540 1675 teli
566 1627 752 1683 jactum
776 1660 789 1681 ,
829 1640 1019 1677 conatu
1051 1631 1260 1684 ultimo,
1289 1634 1546 1698 posuiffet?
1591 1638 1796 1686 meritus

40 1696 189 1758 proin
206 1725 219 1748 ,
244 1704 299 1741 ut
321 1692 486 1740 eidem
516 1693 784 1755 erigeretur
810 1691 1092 1757 Bucephala
1115 1694 1328 1750 Civitas,
1348 1698 1625 1762 gloriosum
1649 1698 1795 1749 simul

40 1756 400 1810 Mausolaeum,
422 1757 473 1805 &
501 1752 811 1831 gratitudinis
831 1758 973 1819 regiae
993 1772 1410 1810 monumentum.
1511 1763 1793 1813 Androdus
1829 1771 1991 1820 Gellius

38 1821 234 1872 Leoni,
264 1815 476 1867 extradifi
505 1835 532 1868 e
563 1818 689 1882 pede
720 1815 879 1887 spina,
904 1818 1118 1888 dederat⁴
1141 1821 1427 1878 sanitatem,
1449 1825 1792 1880 Androdo,in
1823 1835 2014 1885 nociat-

41 1886 180 1932 circo
200 1884 449 1932 Romano
478 1881 709 1927 leonibus
731 1879 951 1935 obiecto,
974 1883 1179 1931 vicisim]
1211 1884 1291 1934 hic
1323 1886 1538 1936 reddidit
1563 1889 1787 1938 salutem.
1829 1898 1948 1946 tic‚l.
1966 1908 2008 1955 5,

39 1947 270 1997 Macario
284 1944 485 2008 Hyaenae
509 1942 818 1991 benefactori
832 1941 1182 2006 ophthalmico
1205 1963 1299 2011 pro
1315 1951 1548 2000 mercede
1566 1967 1690 2000 mox
1704 1951 1796 2000 ob·
1829 1978 1868 2010 ι,
1888 1973 1962 2023 14,

38 2010 151 2059 tulit
179 2009 387 2057 ovinam
405 2006 606 2071 pellem.
706 2004 952 2068 Aquilam
979 2010 1244 2062 novimus,
1265 2026 1373 2073 quae
1407 2013 1651 2063 induello
1670 2031 1792 2066 curn
1893 2026 1895 2029 ’

37 2072 109 2124 ser
146 2082 288 2124 ente,
309 2069 336 2119 a
360 2068 574 2118 meffore
601 2068 831 2122 liberata,
858 2084 979 2117 mox
1006 2070 1232 2122 liberavit
1259 2075 1417 2139 ipsum
1438 2076 1791 2135 liberatorem,

38 2135 105 2200 hy
144 2133 372 2197 riamque
395 2146 647 2182 venenato
666 2145 793 2197 potu
810 2132 1012 2196 plenam
1026 2167 1038 2187 ‚
1059 2133 1220 2185 amica
1239 2137 1498 2188 inimicitia
1516 2154 1589 2189 ter
1612 2142 1677 2192 ab
1699 2157 1791 2193 ore

39 2196 262 2248 excussit:
300 2196 381 2245 sed
399 2212 463 2244 ne
482 2199 685 2246 virtutes
704 2196 979 2244 Brutorum
1005 2199 1366 2249 comemorans
1383 2202 1479 2266 ipse
1508 2206 1684 2254 vitium
1707 2221 1791 2271 pe·

36 2261 296 2336 riffologiae
325 2262 607 2314 incurram,
629 2259 880 2323 abrumpo
906 2276 918 2308 3
963 2258 1072 2309 satis
1097 2263 1159 2310 ad
1186 2266 1436 2313 intentum
1471 2266 1593 2323 dixi,
1617 2267 1652 2317 fl
1676 2285 1787 2320 non

37 2324 254 2374 abunde.
330 2325 486 2369 MEL:
576 2325 704 2372 Non
730 2323 1074 2387 imprudenter
1104 2341 1449 2392 praeoccupas:
1486 2331 1554 2382 sat
1580 2336 1785 2398 cognita

34 2386 185 2437 fusius
206 2385 500 2439 recensenti,
524 2401 698 2434 aurem
724 2386 942 2498 praebere
964 2386 1267 2439 benevolam
1289 2393 1577 2458 Eutrapeliae
1593 2430 1606 2450 ,
1635 2397 1716 2447 vel
1747 2396 1783 2446 fi

34 2452 218 2504 mavis,
241 2451 483 2519 patientiae
511 2452 664 2499 virtus
692 2450 738 2498 el
764 2486 777 2498 .
878 2453 1009 2500 Tam
1036 2452 1193 2502 multa
1222 2453 1442 2510 dicenti,
1478 2463 1620 2527 praeci
1659 2475 1787 2509 uum

36 2516 227 2566 excidit.
295 2510 513 2565 Omilisti
533 2528 732 2567 novum
759 2528 853 2568 oro
875 2516 1169 2571 animalibus
1191 2520 1428 2578 Cordum,
1470 2524 1636 2582 omisit
1659 2526 1675 2572 i
1697 2524 1796 2575 Or-

1581 2601 1720 2638 cum,
