2177 2905
704 70 900 120 Ariadne
932 70 1119 133 Physica.
1508 93 1511 95 ·
1654 88 1743 136 179

58 179 251 224 rentur,
278 163 633 229 acuanturque.
702 163 819 218 Iino
854 166 1092 216 Clitorius
1122 167 1281 215 amnis
1306 179 1489 230 pravos
1503 168 1804 233 Cupidines,

56 231 191 297 aqua
201 234 408 296 virgine,
421 231 629 279 feliciter
655 231 892 294 extinguit
906 247 916 278 :
939 244 1068 293 quos
1082 228 1287 278 eosdem
1305 234 1580 297 impuratus
1593 235 1806 284 Boeotiae

57 298 207 348 lacus,
227 293 460 345 salacibus
486 293 646 345 undis,
666 290 874 358 instigat.
1106 342 1110 344 ,

183 358 381 411 LEUC:
449 356 577 405 Illud
596 371 678 404 me
700 356 851 405 habet
877 358 1150 405 attonitum
1169 389 1183 410 ‚
1207 353 1349 418 quod
1369 359 1495 407 inter
1517 360 1678 409 causas
1699 363 1810 412 Ma-

53 424 147 485 giae
167 420 462 484 hydraulicae
485 453 498 472 ,
534 435 643 468 non
655 423 804 468 etiam
826 419 1042 484 posueris
1071 419 1298 470 coelestes
1317 420 1549 470 Siderum
1567 424 1808 480 influxus,

57 485 288 549 Cynthiae
315 485 584 549 praeprimis
607 519 620 534 ‚
648 497 756 544 quae
776 485 827 531 in
858 484 1012 532 undas
1035 482 1217 533 habere
1237 484 1414 532 dicitur
1437 484 1725 536 dominium
1746 488 1812 535 al-

56 561 185 597 tum.
253 541 405 597 Certe
430 549 656 598 memini,
681 546 1010 595 Dodonaeum
1029 547 1230 596 fontem
1255 547 1462 596 meridie
1484 548 1673 613 semper
1693 549 1813 600 defi-

55 626 169 659 cere
187 642 200 665 ,
229 626 352 659 mox
372 608 640 658 increscere
663 608 726 657 ad
751 609 980 659 medium
994 610 1151 659 nobilis
1166 644 1178 665 ,
1195 614 1245 661 ὅ(
1261 611 1322 660 ad
1336 611 1659 676 conspeeium
1673 614 1809 678 Cyn·
1828 632 1833 633 ⁷

57 673 170 722 thiae
203 673 497 722 exuberare:
534 687 644 721 tum
671 671 841 720 denuo
865 671 1040 721 senfin]
1061 674 1356 722 decrescere.
1389 674 1807 741 Aliumlegi,qui

56 733 208 785 mane
235 736 514 800 tepentibus
539 748 707 784 manat
731 738 898 797 aquis,
924 735 1132 785 meridie
1151 738 1353 800 frigidus
1383 735 1451 785 est
1470 771 1482 792 ‚
1508 739 1704 803 vespere
1730 750 1807 789 ca.

59 801 129 847 let
149 832 162 853 ,
184 795 352 847 aestuat
373 796 538 848 media
560 799 709 847 notize
729 831 742 852 ‚
766 799 882 845 inde
908 799 1240 848 defervescere
1261 801 1459 860 incipit,
1482 804 1530 857 ὅ(
1555 802 1641 851 sub
1661 818 1808 852 auro·

57 878 166 910 ram
185 862 401 924 tepidior
421 861 647 910 efficitur.
715 861 864 910 Alios
885 863 1023 915 novi,
1039 864 1125 925 qui
1143 865 1289 911 maris
1310 862 1479 913 aestum
1494 866 1806 918 aeniulanturs

58 924 125 974 sic
147 925 371 974 Gadibus
391 925 496 973 bini
516 925 651 988 putei
672 919 1158 987 stagnant,quorum
1183 941 1310 974 unus
1326 923 1455 991 aqua
1478 928 1638 983 dulci,
1659 930 1810 977 maris

56 982 174 1035 aestu
196 985 443 1035 crescente
470 987 640 1035 crescit
661 1019 675 1040 ,
711 1000 859 1049 atque
880 987 1112 1035 decrescit
1137 1004 1147 1035 :
1185 989 1306 1037 alter
1334 987 1463 1053 aqua
1483 989 1604 1040 falsa
1640 1025 1653 1047 ,
1690 1007 1812 1041 con·
1898 1045 1908 1056 ,

58 1051 205 1098 traria
226 1051 373 1107 sumit
390 1051 779 1102 incrementa‚&
803 1049 1139 1098 decrementa.
1210 1050 1325 1101 Imo
1357 1054 1489 1111 juxta
1507 1056 1712 1104 Larium
1740 1055 1806 1103 la·
1832 1044 1949 1094 le·
1972 1046 2035 1094 al·

58 1127 202 1165 cum,
231 1112 431 1160 fontem
452 1109 520 1159 est
541 1111 753 1176 reperire
773 1145 785 1166 ‚
819 1115 904 1174 qui
927 1112 1122 1177 lingulis
1149 1113 1283 1162 horis
1306 1114 1586 1166 intumescit
1605 1150 1618 1170 ‚
1647 1133 1702 1168 ac
1725 1118 1807 1166 de·
1829 1119 1911 1155 ter.
1932 1110 1963 1158 l·
1977 1122 2024 1169 4·

57 1174 301 1224 tumescit.
355 1177 454 1224 En!
476 1176 675 1224 fontem
697 1177 939 1224 aemulum
960 1178 1137 1225 marini
1160 1174 1314 1232 aestus,
1331 1182 1380 1229 ὅς
1398 1181 1627 1243 nunquid
1640 1181 1806 1229 utrius-
1829 1182 1894 1230 45Ῥ·
1909 1174 2049 1223 Μῖῑοαά

58 1254 159 1302 que
180 1236 438 1302 Physrcam
460 1271 473 1292 ‚
507 1240 664 1287 Lunae
689 1236 895 1286 influxui
909 1271 921 1291 ‚
944 1238 1263 1304 Philosophia
1280 1242 1458 1290 referet
1486 1245 1536 1292 in
1557 1247 1767 1308 acceptis
1788 1243 1804 1291 ἒ
1827 1237 1993 1284 Suram·

56 1304 213 1350 MEL:
280 1301 529 1351 Punctum
552 1305 725 1365 tangis,
741 1301 877 1357 cujus
903 1301 1431 1366 difficultatem,aliqui
1454 1305 1618 1355 fundo
1637 1322 1806 1356 caren-
1827 1295 1990 1372 AEstus

41 1377 189 1419 -tern‚
213 1366 288 1421 alij
311 1364 600 1414 curiositatis
624 1364 854 1413 humanae
878 1366 1133 1414 tumulum
1149 1399 1160 1418 ‚
1187 1369 1420 1416 nonnulli
1445 1371 1593 1418 etiam
1616 1383 1806 1420 morta—
1827 1361 2006 1413 Mans»

58 1428 183 1478 lium
201 1428 406 1477 scientiae
419 1426 712 1476 inaccessam
734 1426 938 1476 asserere
948 1444 1056 1476 non
1077 1428 1381 1479 dubitarunt.
1451 1433 1549 1482 Vix
1570 1435 1807 1483 Oceanus

55 1494 108 1541 in
133 1503 211 1539 tot
231 1489 415 1540 diversa
434 1491 725 1539 nominibus
765 1493 918 1539 maria
949 1490 1126 1540 diffluit
1156 1526 1169 1546 ‚
1206 1493 1359 1556 quam
1384 1495 1542 1559 Sophi
1572 1498 1623 1544 in
1654 1498 1829 1547 varias‘

56 1554 316 1604 sententias
338 1553 542 1606 abeant,
564 1568 775 1615 quarum
800 1554 930 1603 solus
947 1555 1203 1605 Ricciolus
1230 1557 1519 1608 octodecim
1550 1573 1808 1615 numerat,

57 1616 343 1679 fateturque
364 1649 377 1669 ,
403 1616 524 1666 nihil
547 1615 783 1665 haetenus
808 1620 1149 1681 excogitatum
1174 1652 1187 1672 ‚
1210 1620 1353 1681 quod
1371 1623 1641 1686 implicitos
1663 1622 1808 1679 hujus

57 1681 277 1729 materiae
303 1679 473 1728 nodos
496 1679 575 1727 vel
599 1677 882 1730 diffolveret
906 1713 919 1735 ‚
951 1681 1030 1729 vel
1055 1681 1291 1731 eluderet.
1391 1686 1501 1748 Ego
1524 1687 1688 1749 paucis
1711 1702 1807 1750 pro

57 1744 444 1807 complemento
465 1739 719 1791 discursus.
787 1744 879 1792 Per
905 1745 1052 1792 maris
1072 1742 1244 1795 ae'stum
1260 1748 1477 1812 intellige
1495 1748 1686 1797 fluxum
1705 1762 1807 1811 atq;

60 1805 308 1853 refluxum
329 1838 342 1858 ,
363 1821 469 1866 quo
484 1837 497 1858 ‚
520 1807 789 1867 agitatione
822 1805 1078 1869 reciproca
1092 1840 1105 1860 ,
1129 1810 1455 1858 intumescere
1471 1843 1483 1863 ,
1506 1826 1561 1858 ac
1581 1811 1806 1860 detume-

60 1868 192 1916 scere
206 1867 337 1914 solet
365 1869 616 1915 Oceanus.
703 1868 860 1922 Hujus
885 1866 1055 1915 motus
1075 1883 1304 1919 naturam
1327 1873 1500 1936 pleriq3
1521 1874 1697 1937 triplici
1724 1889 1805 1923 va-

61 1932 232 1980 rietate
258 1929 547 1991 depingunt.
615 1928 841 1976 Primum
863 1927 1075 1977 afferunt
1091 1935 1332 1986 murnum,
1362 1936 1446 1995 qui
1467 1937 1622 1984 Lunae
1642 1939 1804 1999 perio-

59 1994 187 2044 dum
207 1987 371 2040 exaCte
397 1988 526 2039 adeo
547 1990 806 2039 aemulatur
827 2024 839 2045 ‚
865 2004 917 2039 ut
939 1992 1010 2039 bis
1038 1995 1265 2055 quotidie
1288 1995 1458 2045 affluat
1480 2030 1494 2051 ,
1521 1998 1730 2053 defluat,
1755 2003 1806 2052 δε

59 2056 192 2115 juxta
206 2053 391 2117 Cynthi
446 2053 729 2107 Borealem‚
750 2069 806 2102 ac
821 2051 1104 2105 Australem
1127 2058 1375 2107 ascensum
1397 2058 1496 2110 five
1519 2061 1812 2115 descensum

45 2132 249 2169 ,mutuo
271 2117 410 2166 foede
484 2117 663 2165 crescat
686 2150 699 2171 ‚
733 2117 831 2166 sive
850 2117 1113 2167 decrescat?
1193 2120 1308 2172 Imo
1337 2126 1387 2173 ὅ(
1414 2125 1805 2176 retardationem

58 2184 216 2234 Lunae
240 2180 495 2245 propriam
527 2178 777 2229 observat:
816 2196 934 2228 nam
953 2180 1147 2244 singulis
1179 2184 1352 2234 diebus
1393 2201 1477 2250 per
1496 2200 1590 2236 tres
1614 2190 1805 2245 circiter

63 2245 363 2309 quadrantes
386 2242 531 2291 serius
553 2238 665 2291 aestu
687 2243 832 2292 solito
852 2245 1147 2294 intumescit.
1215 2249 1498 2298 Secundam
1526 2248 1699 2300 motus
1720 2267 1802 2316 pe-

65 2308 270 2358 riodum
284 2304 544 2354 Menstruam
566 2306 830 2369 appellant,
861 2304 925 2356 eo
949 2305 1092 2369 quod
1121 2312 1171 2358 in
1192 2312 1505 2368 Novilunijs‚
1527 2317 1575 2364 ὃς
1593 2315 1802 2365 Plenilu-

63 2371 153 2426 nijs
174 2403 187 2423 ‚
215 2368 559 2418 vehementius
592 2369 754 2417 furere
784 2381 988 2419 notetur
1010 2372 1262 2422 Oceanus.
1363 2377 1575 2425 Motum
1601 2380 1805 2427 tertium

17 2464 26 2475 .
64 2442 282 2484 ,annuum
301 2433 585 2482 nominant,
603 2446 708 2494 quo
727 2435 854 2480 circa
876 2429 1072 2482 solstitia
1088 2437 1328 2486 minimos
1341 2471 1354 2494 ‚
1367 2441 1491 2488 circa
1507 2441 1803 2503 aequinofi‘tia

61 2498 359 2564 plerumque
369 2497 617 2547 maximos
630 2491 765 2547 aestus
780 2528 794 2553 ‚
814 2493 1070 2613 Neriique
1083 2500 1428 2554 tumultuantis
1447 2504 1688 2615 impetuss,
1715 2504 1805 2555 ob·

989 2573 1017 2608 2
1676 2581 1744 2617 et.
