2177 2905
737 93 884 141 Momi
915 90 1127 148 fenestra.
1678 109 1698 143 1
1707 109 1735 157 9
1743 108 1766 157 3

71 191 315 242 emineat:
354 203 412 240 ex
433 189 585 240 altera
610 198 748 255 parte
771 189 996 240 advertat
1016 202 1066 238 te
1086 191 1283 240 animus
1296 224 1308 246 ‚
1333 190 1577 243 adorator
1597 190 1666 243 sui
1679 228 1692 249 ,
1712 190 1833 244 aesti-

71 258 312 305 mationis
345 255 558 321 propriae
589 253 790 303 exaecor
815 287 829 310 ,
861 257 912 305 &
940 251 1134 303 custos:
1181 255 1246 304 ad
1276 255 1522 312 honores,
1545 261 1596 308 ὅς’
1622 257 1832 309 heroica

70 332 304 369 mentem
330 330 477 367 notes
497 318 811 383 proclivem,
839 330 990 381 atque
1019 319 1083 367 ad
1113 334 1315 367 amores
1344 317 1617 386 praecipue,
1638 322 1829 378 sacros,

72 395 226 447 atque
251 382 522 448 profanos,
552 382 807 444 aequaliter
839 385 1086 447 pronam?
1123 384 1175 430 in
1209 384 1454 433 omnibus
1486 386 1705 449 denique
1729 387 1830 436 elu-

72 459 185 496 ceat
203 444 479 499 Protheus,
498 443 710 507 tamque
732 446 921 494 celeres?
939 445 1284 511 deprehendas
1316 447 1521 497 affchS
1536 483 1549 503 ,
1571 449 1728 513 quam
1758 453 1832 499 in-

71 506 385 561 constantes:
423 512 473 559 &
497 508 618 571 quid
647 521 814 573 putas,
837 510 975 567 cujus
995 506 1065 558 est
1084 512 1265 575 Imago
1287 511 1423 560 haec?
1459 525 1680 575 quatuor
1712 530 1830 579 pro-

71 586 250 638 totypa
278 573 484 637 inspice,
508 576 558 623 &
583 588 642 620 ex
669 571 925 621 effectibus
957 574 1240 638 apparebit,
1261 574 1326 623 fic
1356 577 1567 626 mixtam
1599 593 1656 625 ex
1686 579 1827 642 igne,

67 633 288 700 aereque
310 637 628 700 temperiem,
646 649 702 686 ut
724 639 808 685 a'er
826 649 997 685 tamen
1015 638 1428 700 praedominetur,
1448 651 1599 703 atque
1616 639 1680 689 fic
1701 643 1827 691 Ora-

72 701 219 756 culo,
247 696 461 748 minime
487 699 674 755 dubio,
695 699 838 749 hunc
853 699 1110 750 Adonidis
1129 702 1427 766 gemellum,
1447 719 1633 769 nempe
1656 704 1829 754 chole-

71 766 180 814 rico
199 795 217 803 -
236 764 564 828 sanguineum
589 764 953 829 pronuntiabis.
1033 766 1152 823 Jam
1186 767 1237 813 in
1266 766 1420 815 alium
1446 782 1656 830 quoque
1672 801 1685 822 ‚
1707 784 1829 817 ocu-

68 829 180 877 lum
201 828 407 876 intende
425 828 829 892 exploratorem,
848 826 1017 879 vultsis
1045 844 1168 894 cape
1194 830 1528 885 lineamenta,
1557 835 1607 882 ὃς
1637 832 1831 882 videbis

71 891 267 956 aspectu
291 891 488 943 serium,
513 890 547 938 fi
570 906 681 940 non
701 891 956 941 severum:
993 893 1221 941 frontem
1244 905 1384 943 arant
1406 894 1654 944 consuetae
1676 912 1828 961 rugae,

71 953 420 1018 nebulamque
440 951 688 1002 monstrat
708 954 812 1004 hoc
826 956 1126 1019 plerumque
1139 958 1497 1007 Barometron.
1567 960 1735 1008 Color
1753 977 1832 1010 ru-

70 1019 168 1072 fus,
182 1022 231 1068 &
251 1018 495 1082 subniger,
509 1018 712 1083 capillus
733 1031 852 1073 ater,
873 1020 1105 1068 membra
1128 1021 1286 1069 calida
1302 1055 1315 1076 ,
1334 1038 1454 1070 caro
1477 1022 1696 1078 exsucca,
1709 1040 1832 1074 ocu-

75 1083 109 1130 li
123 1082 275 1131 vividi
293 1116 305 1136 ,
331 1086 416 1145 qui
440 1082 580 1131 velut
599 1082 706 1130 duo
729 1083 944 1133 Planetae
962 1099 1019 1130 ex
1038 1083 1127 1132 suo
1149 1085 1308 1133 Coelo
1333 1085 1610 1134 scintillant.
1674 1089 1829 1137 Hunc

71 1146 264 1208 alloqui
281 1145 316 1194 fi
342 1145 461 1195 velis
477 1179 489 1199 ,
512 1145 713 1210 depone
732 1146 893 1202 jocos,
914 1162 1025 1195 non
1052 1149 1189 1195 enim
1211 1150 1400 1197 amicus
1421 1147 1490 1198 est
1509 1150 1695 1199 Plauti:
1732 1153 1827 1201 La-

73 1209 366 1258 conismum
392 1208 837 1272 amat,loquiturq;
856 1211 1212 1264 nuiltum,non
1233 1212 1408 1260 multa.
1454 1213 1714 1271 Judicium
1735 1231 1830 1264 no-

68 1273 195 1321 tabis
218 1273 432 1326 acre,sed
457 1276 700 1338 pertinax:
718 1274 912 1322 mavult
931 1290 1157 1322 errorem
1179 1290 1348 1323 errore
1366 1291 1512 1326 novo
1536 1280 1733 1331 tueri,&
1753 1279 1828 1328 bis

71 1352 318 1391 errare,ne
331 1336 558 1385 videatur
571 1334 745 1385 errafl'e
764 1337 915 1385 semel
930 1356 940 1384 :
962 1337 1081 1386 hinc
1095 1351 1231 1386 amat
1244 1340 1539 1402 particulam
1550 1342 1828 1406 malignan-

72 1403 134 1448 tis
156 1402 392 1453 Naturae,
420 1402 597 1449 Momi
627 1401 782 1464 cryses
815 1415 927 1448 non
958 1400 1232 1455 aversatur,
1261 1417 1355 1450 nec
1385 1400 1531 1452 facile
1559 1405 1829 1469 respondet

72 1463 176 1512 fine
205 1475 416 1512 accentu
445 1463 513 1511 sat
531 1465 693 1526 gravi3
717 1478 812 1511 nec
843 1462 990 1512 facile
1014 1464 1242 1526 loquitur
1262 1464 1364 1513 fine
1391 1472 1604 1516 ceniurae
1637 1470 1831 1533 virgula

72 1527 155 1576 hie
185 1524 513 1577 Aristarchus.
615 1526 873 1576 Caeterum
911 1527 964 1576 hi
1000 1527 1189 1593 spiritus
1221 1544 1357 1577 acres
1387 1531 1458 1578 illi
1492 1532 1753 1595 ingenium
1782 1549 1831 1582 a-

74 1590 381 1644 cuunt,hinc
400 1606 560 1639 nemo
579 1589 773 1640 felicius
800 1604 1010 1641 venatur
1023 1591 1331 1657 Chymaeras,
1345 1609 1503 1642 nemo
1525 1595 1829 1659 profundius

70 1656 386 1719 mergitur,&
408 1656 461 1703 in
487 1654 886 1720 speculationum
909 1655 1080 1720 abysso
1106 1656 1328 1705 subtilius
1349 1657 1656 1707 absorbetur.
1726 1661 1831 1709 De-

73 1720 229 1781 nique
262 1718 453 1768 videbis
482 1716 801 1768 constantem
832 1721 884 1768 in
915 1722 1122 1784 coeptis,
1145 1719 1420 1769 solitudinis
1457 1724 1710 1778 amicum,
1734 1739 1832 1773 nee

71 1783 340 1831 inimicum
370 1783 635 1837 laborum,
655 1798 777 1831 nam
798 1782 898 1832 fine
917 1785 1128 1833 vinculis
1147 1783 1313 1834 sedere
1332 1782 1496 1849 potest
1517 1787 1580 1835 ad
1601 1784 1825 1835 transtra.

73 1847 137 1895 Et
155 1861 310 1908 quam
332 1858 389 1895 tu
409 1846 526 1895 huic
551 1845 806 1910 aflignabis
820 1848 1151 1912 temperiem?
1187 1847 1286 1895 duc
1305 1849 1599 1911 parallelum
1615 1850 1678 1898 ad
1701 1863 1828 1899 tem-

69 1922 364 2023 heradnenta
400 1908 694 1974 Archetypa
713 1942 729 1963 ,
760 1912 811 1959 δί
847 1909 1108 1958 cholerico
1132 1941 1152 1948 -
1173 1910 1612 1962 melancholicum
1651 1913 1827 1979 depre-

113 1989 175 2022 en
216 1988 281 2022 es,
501 2000 509 2008 ·

201 2036 401 2087 LEUC:
470 2036 529 2087 Id
556 2038 731 2086 tacitus
762 2035 1058 2102 luspicabar:
1104 2053 1225 2087 nam
1258 2051 1372 2089 atrae
1395 2073 1408 2094 ,
1443 2036 1686 2105 flavaeciue
1717 2040 1827 2090 bilis
1898 2064 1901 2067 ·

71 2099 177 2150 vidi
192 2098 420 2154 effestus,
436 2115 566 2164 quos
591 2102 846 2150 occultare
867 2104 1043 2164 nequit
1063 2100 1143 2150 hic
1155 2104 1417 2169 Pronepos
1431 2105 1658 2153 Catonis.
1705 2107 1826 2155 Hoc

75 2165 252 2215 rescire
284 2163 451 2213 modo
486 2162 556 2213 est
584 2167 782 2218 animus
804 2198 818 2217 ,
853 2181 916 2213 an
948 2178 1146 2214 tantum
1176 2179 1585 2232 temperamento
1620 2168 1736 2218 huic
1769 2168 1827 2218 fit

73 2230 322 2292 pretium,
343 2241 592 2288 quantum
610 2229 678 2277 illi
700 2228 920 2277 attribuit
940 2230 1181 2293 Stagirita.
1281 2234 1447 2281 Tenet
1475 2234 1638 2286 enim,
1664 2230 1717 2281 ni
1738 2232 1826 2282 fal-
1856 2245 2068 2298 Lprobl,

75 2295 174 2346 lor,
190 2288 450 2353 quod,ubi
472 2292 819 2342 Melancholia
840 2293 1250 2356 praedominatur,
1267 2295 1334 2343 ibi
1358 2295 1607 2359 sceptrum
1628 2297 1830 2361 Sapien-

75 2358 144 2403 tia
163 2366 345 2402 teneat.
446 2354 632 2411 Atram
652 2356 807 2404 bilem
828 2357 1008 2414 judicii,
1023 2359 1074 2406 ὅς
1093 2358 1365 2422 prudentiae
1387 2359 1555 2408 sedem
1584 2361 1797 2425 appellat
1811 2394 1826 2414 ,

76 2418 166 2468 sub
190 2417 326 2472 cuius
354 2416 590 2467 dominio
621 2419 743 2468 nihil
770 2435 984 2485 praecox,
1006 2423 1057 2471 ὅ(
1084 2421 1372 2478 turbidum,
1391 2423 1473 2472 sed
1498 2439 1609 2472 non
1642 2422 1730 2472 nisi
1761 2423 1826 2472 ad

75 2497 289 2548 purum,
309 2480 513 2530 consilia
543 2497 910 2546 excoquuntur.
1011 2484 1174 2533 Addit
1199 2486 1418 2554 insuper,
1448 2487 1683 2552 sapientes
1714 2502 1827 2536 om-

81 2561 170 2596 nes
188 2545 267 2597 vel
290 2544 698 2600 Melancholicos
719 2546 839 2607 effe,
861 2548 940 2600 vel
960 2547 1132 2662 {tltbem
1159 2549 1314 2603 fuiss'c.
1382 2553 1540 2600 MEL:
1609 2551 1666 2599 Id
1683 2552 1733 2597 in
1753 2565 1827 2599 re·
1852 2588 1857 2591 >

1591 2627 1765 2663 veren-
