2177 2905
408 92 502 128 202
1013 74 1196 138 Oedipus·
1216 72 1427 137 Phyficm.

336 177 500 238 m'quarn
530 171 784 237 demergi,
802 184 867 221 ne
895 169 960 219 dc
981 166 1218 220 industria
1244 168 1482 232 quidem,
1500 164 1646 218 facile
1664 165 1857 234 potest,
1873 169 2014 227 'cuius
2034 167 2107 219 rei

348 239 753 301 experimentum
777 236 829 284 in
850 233 1155 293 juvenibus,
1174 232 1708 296 natandi‘inscijs,quin
1731 235 1780 283 ὅ(
1803 234 1975 283 vinetis
1994 228 2108 298 post

345 312 483 363 terga
503 299 734 349 manibus
754 301 903 364 cepit,
918 301 969 349 ὅ(
988 295 1246 362 obstupuit
1257 295 1598 360 Vespasianus,
1666 296 1809 346 Nihil
1834 299 1956 345 item
1978 311 2108 346 mer-

346 364 416 427 git
430 363 649 427 Pythias:
687 361 867 411 c0ntra
890 363 1086 414 omnia,
1107 364 1258 410 etiam
1278 359 1456 425 paleas,
1475 371 1625 423 atque
1645 363 1839 423 navigia
1858 360 2108 413 absorbet,

349 441 408 475 ac
423 425 585 475 haurit
609 425 780 490 SyliaS.
831 425 973 494 Qiid
987 421 1338 476 monstroiius,
1390 422 1507 471 uam
1523 426 1665 482 Rupes
1685 424 1939 471 ambulans?
1972 426 2021 474 ὅ(
2043 435 2113 472 ta-

344 504 468 538 men
492 490 620 544 juxta
635 488 849 554 Harpasa
870 519 883 543 ‚
902 487 1149 552 oppidum
1182 485 1312 535 Afiae
1328 518 1342 540 ,
1366 487 1381 534 i
1407 498 1455 535 at
1474 498 1641 535 cautes
1660 485 1913 536 horrenda
1934 519 1947 541 ,
1983 503 2109 540 uno,

347 551 384 602 fi
407 552 571 602 Plinio
597 553 866 607 credimus,
881 551 1040 615 digito
1070 549 1304 604 mobilis,
1326 563 1435 612 quae
1466 562 1664 604 tamen,
1684 549 1716 599 fi
1745 563 1862 600 toto
1894 547 2112 614 corp'ore

347 616 661 681 impellatur,
686 613 872 665 resistit.
940 616 1078 664 Sileo
1098 615 1190 662 alia
1214 609 1465 667 monstra,
1491 614 1619 662 inter
1645 629 1757 677 quae
1795 628 1933 678 petra
1956 615 2034 663 illa
2064 615 2115 661 in

349 678 647 744 Nymphaeo
661 713 674 734 ,
695 675 723 728 ὲ
744 694 843 743 qua
870 677 1060 742 prosilit
1082 678 1306 730 flamma,
1327 691 1436 739 quae
1459 677 1747 726 accenditur
1767 678 1967 741 pluviis:
2006 691 2114 725 non

109 747 112 751 ’
134 751 254 801 plin,
354 757 727 792 commemoro
747 746 978 806 geminos
1002 754 1221 793 montes,
1237 755 1460 802 quotum
1487 742 1571 788 uni
1590 739 1695 788 haec
1714 742 1929 795 indoles,
1950 753 2002 788 ut
2024 740 2116 788 fer·

352 822 467 855 rum
502 821 660 855 omne
683 806 869 859 trahat,
891 806 1057 858 alteri,
1080 817 1134 852 ut
1156 803 1375 866 respuat:
1413 805 1581 862 itaque
1609 802 1642 849 si
1673 802 1765 850 fint
1788 804 1913 851 clavi
1940 806 1989 850 in
2022 803 2118 850 cal-

354 882 652 924 ceamento,
673 872 725 918 in
749 870 908 917 altero
933 868 1079 916 avelli
1097 882 1206 914 non
1231 863 1440 928 pollint,
1460 865 1508 910 in
1528 863 1686 912 altero
1707 881 1815 913 non
1834 862 1955 914 sisti:
1992 865 2115 919 haec,

354 935 594 996 inquam,
623 948 731 981 non
763 944 1134 982 commemoro
1157 961 1170 983 ,
1202 943 1265 976 ne
1289 929 1341 975 in
1380 922 1717 976 monstrosam
1742 928 2119 993 longitudinem

356 995 540 1046 crescat
564 995 816 1045 discursus.

487 1060 686 1110 LEUC:
757 1059 990 1106 Mentem
1019 1069 1189 1104 meam
1216 1053 1250 1103 si
1273 1053 1530 1107 consulas,
1551 1070 1657 1103 non
1688 1051 1950 1110 absterret,
1969 1054 2119 1105 sedin

357 1119 594 1172 monstris
616 1121 826 1170 delcetat
845 1119 1117 1183 longitudo
1139 1114 1436 1166 monstrosa.
1507 1118 1647 1184 Qd
1676 1121 1812 1167 enim
1838 1119 2120 1177 jucundius,

360 1185 517 1247 quam
533 1186 700 1235 videre
723 1183 1359 1249 AnguemAmericanum,
1380 1181 1559 1228 incolis
1586 1183 1902 1234 earcauhcoatl,
1924 1182 2005 1232 seu
2028 1179 2123 1232 stu-

362 1249 538 1313 pidum
555 1282 568 1301 ,
590 1251 676 1311 qui
708 1247 818 1298 solo
848 1246 1005 1296 halitu
1034 1244 1234 1294 attrahit
1263 1259 1469 1297 cervos,
1492 1239 1674 1308 estque
1698 1247 1848 1294 molis
1873 1244 2004 1295 adeo
2027 1242 2124 1296 stu-

244 1350 252 1361 .
362 1312 562 1376 pendae,
585 1325 640 1361 ut
670 1310 945 1374 aliquando
966 1309 1103 1361 Indi,
1130 1311 1221 1357 iter
1240 1308 1477 1356 facientes
1494 1341 1507 1361 ,
1529 1309 1596 1356 illi
1627 1308 1915 1361 insederint,
1936 1311 2024 1357 rati
2054 1324 2127 1357 ar-

108 1351 315 1425 P·.N³⁶'r'
361 1377 497 1427 boris
512 1375 604 1425 esse
625 1388 862 1424 truncatae
884 1374 1198 1425 molem,nec
1216 1369 1805 1440 agnoverintinstabilem
1821 1371 1948 1421 hanc
1962 1376 2010 1423 ὅ(
2031 1385 2126 1421 ter-

108 1414 328 1468 Hlststat·
364 1439 554 1490 rificam
586 1439 777 1490 sedem,
802 1438 866 1487 us
893 1451 954 1485 ue
988 1437 1131 1489 dum,
1155 1450 1317 1499 angue
1348 1435 1520 1483 senum
1551 1436 1948 1500 praeterlabente,
1972 1436 2126 1484 territi

109 1481 332 1584 l·¹2·⁶217
364 1501 641 1553 surrexere?
680 1502 801 1565 quid
831 1517 857 1549 a
898 1501 1166 1548 miratione
1198 1500 1393 1562 dignius
1412 1531 1427 1552 ,
1456 1497 1612 1560 quam
1642 1501 1974 1562 contemplari
1995 1498 2127 1557 ficum

113 1545 209 1590 car·
225 1543 319 1588 ρκ’
368 1568 561 1614 Indicam
576 1602 588 1617 ,
609 1565 888 1630 quomodo
909 1579 966 1611 ex
989 1565 1142 1613 unico
1172 1558 1328 1626 stipite
1354 1560 1418 1610 fic
1437 1578 1607 1611 ramos
1641 1563 1753 1624 suos
1774 1564 2048 1616 diffundat,
2072 1573 2129 1611 ut

368 1630 460 1679 suo
487 1630 714 1694 pondere
741 1628 959 1679 curvati,
979 1642 1153 1674 annuo
1174 1625 1356 1689 spatio,
1382 1638 1515 1672 tertae
1540 1624 1712 1674 denuo
1734 1626 2021 1691 infigantur,
2033 1641 2129 1674 no-

215 1680 234 1714 t
275 1679 338 1714 ἰ·
370 1692 560 1756 viisque
585 1703 733 1756 agant
754 1690 969 1738 radices?
1005 1688 1283 1750 quomodo
1299 1687 1651 1735 succrescentes
1674 1704 1731 1735 ex
1749 1688 1948 1737 surculis
1969 1690 2130 1737 surcu-

225 1767 237 1779 ·
261 1742 339 1779 ‘¹²
368 1756 432 1810 li,
454 1771 608 1821 opere
627 1753 857 1817 quodam
882 1753 967 1800 To
1005 1753 1158 1804 iario,
1178 1750 1242 1799 fic
1270 1751 1319 1797 in
1344 1750 1525 1798 orbem
1556 1753 1759 1812 cingant
1785 1751 1919 1799 suam
1946 1753 2123 1799 Paren-

117 1811 156 1844 τ’
174 1805 217 1854 5·
370 1831 503 1872 tem,
535 1832 614 1867 tot
643 1817 777 1873 filiis,
803 1818 975 1879 nepoti
1017 1813 1173 1877 lisque
1199 1813 1451 1861 frondosis
1485 1813 1813 1867 foecundam,
1833 1826 1889 1862 ut
1921 1814 1983 1862 ad
2012 1814 2129 1862 bina

362 1880 525 1940 ‚stadia
546 1880 836 1946 porrestum
858 1878 1000 1942 sylvae
1022 1877 1275 1925 theatrum
1300 1878 1549 1940 aperiant,
1569 1875 1705 1931 cuius
1734 1877 1912 1925 umbra
1936 1877 2132 1939 aliquot

376 1945 653 1995 hominum
687 1944 842 1991 millia
874 1938 1034 1989 aestatc
1056 1940 1099 1988 se
1121 1951 1423 2011 c9gltegaiit,
1445 1941 1493 1988 &
1525 1938 1859 1988 deicerentur?
1896 1940 2005 1990 imo
2026 1955 2134 1990 me-

122 2011 333 2068 Kircher.
384 2011 528 2062 mini,
551 2023 634 2057 me
662 2004 853 2071 lcgiffe,
878 2005 1005 2063 juxta
1028 2016 1263 2053 montem
1287 2002 1490 2053 AEtnam
1525 2014 1627 2049 tam
1654 2005 1858 2052 exoticae
1885 2006 2133 2068 magnitu-

125 2077 246 2126 Chin.
269 2074 334 2120 Il-
380 2072 506 2122 dinis
525 2068 772 2120 castaneas
796 2070 1012 2133 reperiri,
1027 2070 1220 2115 utintra
1241 2066 1708 2130 corticem,integer
1728 2082 1973 2130 pecorum
1997 2082 2133 2131 grex,

124 2137 244 2193 lustr.
381 2148 623 2199 tanquam
646 2137 694 2182 in
722 2133 862 2181 caula
877 2165 891 2185 ,
915 2126 1200 2179 commode
1219 2128 1623 2180 concluderetur.
1706 2131 1932 2181 Alterius
1955 2131 2135 2179 memi-

126 2202 158 2251 l.
178 2215 227 2258 4.
384 2203 458 2249 nit
478 2202 504 2258 J
512 2197 722 2262 osephus
743 2194 773 2244 a
789 2193 971 2246 Costa,
992 2209 1099 2256 quae
1121 2195 1301 2242 textori
1324 2192 1572 2258 praebebat
1600 2197 1889 2244 textrinam:
1923 2197 1973 2243 in
1996 2193 2134 2250 cuius

132 2263 352 2318 HzstJnd.
387 2277 598 2326 quoque
624 2275 912 2309 concavum
944 2257 1067 2306 ofto
1097 2258 1343 2320 equitibus
1373 2256 1569 2318 patebat
1595 2257 1779 2311 aditus,
1814 2261 1864 2309 ὅ(
1896 2255 2134 2322 regreffus

131 2344 171 2378 c.
195 2340 271 2387 30.
385 2328 573 2388 absque
604 2323 1003 2388 impedimento:
1047 2321 1165 2369 hem
1182 2354 1194 2374 ,
1221 2333 1405 2387 quanta
1436 2321 1600 2371 moles
1625 2336 1682 2369 ex
1704 2322 1890 2370 semine
1907 2320 2130 2370 tantillo!

387 2391 469 2440 Sic
530 2388 651 2436 rbor
678 2386 910 2448 quaedam
940 2384 967 2434 a
987 2386 1113 2434 Sinis
1137 2385 1358 2435 Ciennien,
1380 2383 1461 2432 seu
1494 2386 1609 2431 mille
1637 2402 1841 2434 annorum
1862 2384 2132 2450 appellata,

168 2460 203 2511 l,
231 2460 305 2509 16,
387 2466 472 2502 tan
601 2447 628 2498 ἲ
651 2445 899 2502 vastitatis,
919 2461 975 2497 ut
993 2448 1079 2497 sub
1100 2449 1251 2497 unico
1271 2448 1371 2504 eius
1392 2463 1539 2495 ramo
1559 2448 1783 2500 ducentae
1808 2464 1931 2499 oves
1948 2449 1994 2497 se
2011 2462 2134 2505 con·

170 2541 210 2574 c.
223 2536 304 2581 40.
385 2514 616 2582 tegant&
642 2513 856 2565 Miratur
886 2512 1072 2564 Plinius
1096 2512 1227 2564 illius
1255 2510 1445 2565 arboris
1471 2513 1899 2577 magnitudinem,
1921 2526 2031 2575 quae
2053 2525 2134 2561 ex-

1926 2588 2070 2628 cava·
