2177 2905
429 99 518 148 174
1034 80 1227 130 Ariadne
1248 80 1435 145 Plajffia.

353 180 472 248 ipsas
505 175 658 225 etiam
684 168 926 223 fossilium
958 171 1136 238 species
1169 175 1440 225 divinabis:
1477 186 1596 222 nam
1616 173 1764 224 color
1785 173 1951 226 viridis
1969 175 2101 228 affla-

350 258 432 294 tur
457 241 518 291 ab
537 253 630 288 aere
644 269 657 292 ‚
679 249 784 286 ater
803 238 863 286 ab
883 246 1109 300 argento,
1125 241 1175 289 ὃς
1203 253 1344 292 aum,
1367 252 1640 302 purpureus
1660 236 1686 287 ὲ
1711 242 1893 302 pyrite,
1913 239 2099 290 luridus

350 306 379 357 ὲ
399 303 682 356 calchanto‚
703 304 926 351 cinereus
953 302 980 349 a
999 301 1245 366 sulphure,
1268 314 1320 350 ut
1342 316 1450 349 non
1474 302 1682 350 inaniter
1705 302 1950 356 observat,
1973 305 2102 354 inter

350 365 748 429 Metalloscopos
769 360 912 414 facile
937 365 1148 416 Primus,
1184 365 1470 414 Kircherus.
1555 366 1667 413 Nec
1689 378 1890 413 montes
1919 366 2007 415 suis
2027 382 2102 416 ca-

350 446 461 484 rent
481 429 668 485 indiciis
685 446 693 476 :
710 444 829 476 nam
849 443 1076 491 vapores,
1091 430 1174 490 qui
1197 428 1466 477 ascendunt
1483 428 1644 477 versus
1662 428 1951 483 meridiem,
1972 430 2107 494 plan-

352 510 518 546 tarum
540 495 722 545 raritas,
739 495 789 541 &
809 493 860 539 in
880 490 1115 555 partibus,
1140 492 1471 557 mutin-iguis,
1492 487 1722 541 constans
1749 504 1918 540 tamen
1940 489 2130 543 sterili-l

355 573 445 615 tas»,
459 559 635 608 halitus
657 554 884 620 produnt
899 554 1176 603 metallicos
1191 572 1204 606 3
1219 570 1337 603 nam
1364 555 1415 604 hi
1436 553 1744 620 superficiem
1768 551 1982 603 sterilem
2000 556 2112 604 red-

355 624 500 675 dunt,
520 633 575 670 ut
600 621 714 669 scias
736 621 939 668 Naturae
961 632 1181 672 morem,
1205 633 1313 681 quae
1337 619 1545 682 pretiosa
1563 629 1729 681 tegere
1749 617 1873 665 solet
1897 617 1983 666 sub
2003 618 2103 668 vili.

354 685 499 762 Nihil
524 683 658 755 addo
690 682 752 731 de
765 682 1043 745 CoryIacea
1070 683 1285 746 virgula,
1308 696 1417 745 quae
1441 681 1504 730 ad
1533 682 1745 731 censurae
1764 682 2010 745 virgulam
2037 683 2110 732 su-

355 764 519 816 penus
545 763 640 804 iam
662 760 914 796 revocata.
1619 808 1622 810 .

487 810 684 862 LEUC:
754 811 1003 859 Naturam
1028 808 1179 858 video
1208 810 1259 857 in
1282 808 1493 856 metallis
1519 804 1802 855 mirabilem
1826 839 1840 859 ,
1875 807 1928 854 in
1959 806 2109 857 suecis

299 910 301 913 ⁴
357 889 532 926 tamen
553 871 777 938 stupesco
799 872 1179 936 propemodum
1210 871 1633 933 thavmaturgam.
1702 869 1842 931 Qid
1863 881 1916 918 tu
1932 869 1993 918 de
2008 870 2112 935 pul-

361 955 479 991 vere
502 938 644 1003 pyrio
667 939 681 985 ἓ
748 938 902 982 MEL:
951 934 1092 984 Nihil
1109 951 1118 980 :
1134 949 1253 982 nam
1272 934 1440 982 multis
1462 933 1590 981 nolo
1606 965 1618 986 ‚
1634 938 1800 996 paucis
1815 947 2015 995 nequeo
2035 947 2114 981 ex-

362 1004 552 1068 plicare
582 1000 900 1049 hocNaturae
920 996 1227 1061 prodigium·
1295 996 1425 1046 Illud
1443 998 1591 1048 scitos
1616 996 1716 1053 ejus
1748 1001 1871 1047 vires
1897 994 1931 1043 fi
1957 995 2113 1044 sensis-

361 1068 429 1117 set
443 1065 756 1124 Antiquitas,
779 1061 1068 1124 Cyclopum
1097 1060 1286 1108 malleis
1311 1057 1585 1108 fabricasset
1614 1073 1717 1109 aras
1747 1060 1863 1110 huic
1891 1058 2114 1109 Phoeno·

224 1146 261 1169 «³-
360 1144 520 1179 meno
542 1160 555 1179 ‚
590 1123 852 1189 ipsumque
863 1124 1153 1173 Vulcanum
1177 1123 1239 1171 de
1257 1123 1415 1173 Coelo
1428 1120 1599 1172 denuo
1621 1122 1866 1180 deiecisset
1882 1155 1895 1174 ‚
1914 1135 1968 1171 ut
1985 1123 2113 1171 illius

362 1189 486 1242 loeo
514 1186 645 1239 astris
666 1188 896 1237 insereret
923 1186 1023 1235 hoc
1046 1184 1346 1235 monstrum.
1415 1187 1583 1235 Habet
1607 1186 1688 1234 hic
1701 1188 1860 1252 pulvis
1876 1184 1902 1233 a
1922 1183 2116 1250 sulphu-

363 1271 417 1305 re
439 1288 452 1310 ‚
474 1253 619 1317 quod
641 1248 785 1300 facile
807 1250 1147 1299 inflammetur
1170 1267 1182 1301 ς
1218 1248 1245 1298 a
1268 1249 1489 1299 carbone
1513 1283 1526 1303 ‚
1556 1247 1702 1311 quod
1720 1253 1747 1298 a
1764 1249 1885 1298 flatu
1906 1264 2015 1298 non
2040 1264 2118 1296 ex-

363 1322 643 1383 tinguatur3
668 1315 694 1364 a
713 1316 845 1369 nitro
872 1347 884 1367 ‚
908 1313 1051 1376 quod
1077 1312 1350 1363 incredibili
1381 1313 1552 1362 furore
1572 1314 1922 1362 tumultuetur.
2004 1312 2120 1368 Eius

364 1384 491 1432 vires
515 1378 644 1429 adeo
671 1378 779 1427 sunt
801 1378 1060 1442 paradoxae
1091 1410 1104 1431 ,
1128 1389 1182 1425 ut
1203 1376 1327 1425 mihi
1356 1375 1748 1441 Pyrotechnicus
1771 1373 1853 1425 hic
1877 1374 2119 1425 locicele-

364 1445 463 1495 bris
487 1477 500 1498 ‚
535 1443 569 1492 fi
590 1443 706 1492 huic
731 1441 892 1505 globo
932 1437 1142 1490 terrestri
1163 1473 1175 1494 ‚
1216 1442 1576 1504 quinquaginta
1597 1439 1876 1489 soluffiodo
1898 1438 2030 1488 librae
2049 1437 2117 1486 fic

364 1509 503 1559 inseri
526 1506 737 1571 possent,
763 1516 817 1554 ut
838 1504 996 1568 pulvis
1020 1504 1242 1566 undique
1266 1503 1530 1552 conclusus
1551 1519 1635 1568 pet
1659 1503 1919 1567 Angelum
1945 1516 2119 1550 accen-

367 1572 594 1624 deretur,
615 1567 749 1618 haud
768 1565 921 1616 dubie
948 1568 1209 1616 Tellurem
1242 1579 1411 1615 totam
1442 1569 1492 1614 in
1524 1567 1662 1614 mille
1690 1578 1850 1632 partes
1870 1564 2006 1614 illico
2028 1564 2122 1613 dis-

366 1632 649 1692 jiciendam.
744 1630 941 1679 Celavit
974 1631 1167 1679 Natura
1200 1628 1304 1677 hoc
1339 1629 1483 1677 suum
1510 1645 1748 1678 arcanum
1769 1662 1782 1682 ,
1811 1631 1926 1692 quia
1955 1624 2124 1678 rariffi-

367 1712 546 1749 mum,
577 1695 704 1743 ultra
723 1691 965 1757 sexaginta
988 1707 1243 1741 annorum
1263 1691 1459 1745 saecula,
1491 1692 1614 1740 dum
1641 1691 1849 1740 tandem
1882 1693 2010 1738 circa
2039 1704 2121 1737 an-

368 1764 496 1810 num
520 1756 839 1808 millefimum
861 1754 1266 1804 trecentesimum
1291 1786 1304 1807 ,
1336 1757 1385 1804 ὃς
1402 1752 1755 1819 sexagessmum
1774 1753 1896 1803 illud
1916 1767 2123 1801 conere-

371 1823 496 1873 didit
514 1822 718 1884 ingenio
743 1820 979 1867 omnium
1000 1814 1392 1882 praestantiffimo
1413 1849 1425 1870 ‚
1451 1833 1507 1865 ac
1530 1817 1890 1870 celeberrimo,
1912 1815 2122 1879 Chymi÷

371 1901 438 1936 co
466 1883 709 1934 Bertoldo
728 1881 980 1931 Schvvarz
1015 1878 1320 1943 friburgenfi
1341 1880 1598 1943 Brisgoiae‚
1624 1895 1780 1942 quem
1810 1881 2124 1941 neutiquam,

372 1948 678 2015 praevolante
699 1945 900 2000 iudicio,
916 1945 997 1993 'ob
1019 1945 1166 1991 inane
1195 1957 1389 1991 nomen
1401 1939 1482 1991 hie
1505 1947 1829 1992 nominatum
1853 1939 2094 1990 existimes
2109 1973 2124 1996 ‚

374 2012 456 2062 sed
489 2010 558 2059 ob
592 2009 807 2058 sanctam
838 2008 905 2056 D.
924 2006 1158 2056 Francisci
1182 2006 1296 2062 (vel
1321 2005 1465 2069 quod
1489 2006 1589 2062 alijs
1621 2003 1914 2071 praeplacet)
1931 2006 2013 2054 D.
2035 2005 2124 2053 Be-

376 2073 558 2125 nediffi
593 2072 863 2123 familiam,
891 2071 1028 2128 cujus
1057 2070 1139 2118 ille
1170 2069 1453 2120 Alumnus;
1492 2083 1601 2130 quae
1641 2072 1759 2131 quia
1794 2065 2127 2131 antiquiffima

378 2137 524 2189 simul
556 2134 948 2187 &celeberrima
971 2167 983 2187 ,
1016 2148 1124 2182 non
1155 2135 1320 2196 potuit
1353 2147 1459 2181 nou
1494 2133 1684 2196 semper
1724 2133 1854 2182 alere
1886 2130 2128 2180 olor-tofis-

128 2244 171 2289 Ρ
203 2238 332 2286 Bam.
378 2202 532 2316 {134qu
583 2202 873 2268 inventores
906 2229 919 2250 ,
973 2199 1023 2269 ὃς
1063 2196 1435 2306 celeberrictinosl
1465 2197 1795 2306 Ingenliorum
1841 2196 2127 2307 .1Jloen1ices.

137 2307 147 2315 .
174 2277 186 2289 ·
298 2303 305 2310 .
542 2277 597 2310 CC
638 2277 659 2310 S
713 2271 890 2308 Cttmct
923 2274 1114 2305 ttccmum
1136 2293 1149 2308 ,
1225 2274 1293 2307 UO
1391 2274 1416 2305 a
1440 2274 1518 2306 eas
1546 2270 1589 2305 tr
2111 2286 2130 2295 -

130 2320 174 2351 m
187 2306 320 2361 Hagl·
382 2276 711 2378 εειΙεΓὲειῐεΟΓξὶ
744 2262 928 2371 Sicilire]
948 2274 1304 2385 Agrigentfflnus
1326 2273 1526 2383 ‚Iqtiem
1564 2270 1694 2385 igniiu
1709 2261 1982 2370 adgtcnloltgrsn’
2001 2272 2130 2375 ,1ἑὲ-

383 2392 458 2441 lut
494 2390 545 2437 in
564 2401 694 2450 aqua
715 2385 981 2448 liquescere
1010 2385 1247 2437 afferunt,
1269 2383 1557 2433 immersum
1581 2399 1747 2446 aquae,
1777 2385 1914 2433 velut
1935 2386 1986 2433 in
2007 2384 2129 2446 igui-

383 2455 476 2503 bus
509 2452 748 2513 crepitare
772 2465 782 2495 ε
840 2448 1018 2494 Maltha
1042 2483 1053 2498 ‚
1086 2461 1222 2508 quae,
1244 2445 1279 2494 fi
1309 2447 1471 2496 Plinio
1502 2447 1624 2496 fides
1653 2479 1667 2500 ‚
1704 2446 2032 2497 bituminosus
2059 2441 2128 2493 est

383 2518 533 2567 limus
550 2546 561 2567 ‚
586 2512 671 2574 qui
693 2511 831 2573 aquis
854 2510 1136 2559 incenditur
1157 2543 1170 2562 ‚
1209 2506 1338 2558 terra
1359 2505 1676 2575 restinguitur
1695 2544 1708 2565 ‚
1732 2513 1782 2561 δί
1803 2511 1949 2561 rebus
1967 2507 2131 2558 solidis

386 2573 531 2635 facile
557 2573 854 2628 adhaerescit.
921 2575 1124 2635 Naphca,
1140 2576 1192 2627 δε
1212 2573 1440 2634 camphora
1454 2605 1468 2628 7
1490 2588 1599 2637 quae
1617 2574 1768 2626 semel
1789 2572 1998 2626 accensae
2019 2586 2131 2622 non

1904 2631 2072 2688 modo
