2177 2905
426 78 517 127 172
1043 67 1241 116 Ariadne
1260 67 1450 132 Physica.

358 162 576 212 modam
600 161 950 228 deprehendit:
987 161 1118 217 adeo
1150 168 1302 217 etiam
1328 165 1466 216 doffl
1494 179 1601 216 non
1636 164 1825 216 habent
1855 167 2103 232 chirogw

357 225 519 290 phum
534 259 547 281 ,
567 224 724 292 sigillo
753 226 1104 278 infallibilitatis
1126 234 1400 280 munitum.
1468 230 1671 280 Felicius
1692 231 2032 281 Sciathericon
2053 233 2099 279 ir.

359 289 506 353 gleba
523 288 746 342 Arabica
773 290 1007 356 accepiffe
1035 293 1081 341 se
1098 296 1332 343 meminit
1349 293 1646 344 Kircherus:
1681 293 1786 342 haec
1809 297 1943 344 enim
1963 295 2106 345 veriss

359 349 482 403 sime
506 354 824 419 Heliotropia
838 389 852 406 ,
875 357 926 403 in
945 360 1082 418 aquis
1097 389 1110 411 ,
1129 369 1214 406 aut
1233 358 1372 421 supra
1391 372 1575 420 aquam
1602 356 1883 421 magnerice
1903 357 2075 406 librata
2088 392 2102 408 ‚

359 428 444 465 aut
473 408 822 468 etiamfflitreis
852 419 1032 467 inclusa
1069 421 1312 484 repagulis
1343 453 1356 474 ,
1391 420 1710 469 indissolubili
1745 421 1940 470 foedere
1969 421 2106 483 sequi

358 479 640 543 Cynthium
661 480 950 530 videbatur:
987 484 1118 532 unde,
1144 485 1322 546 inquit,
1342 485 1511 542 collegi,
1531 484 1638 530 hunc
1659 498 1820 530 motum
1840 501 1918 531 non
1937 487 2104 543 prima-

357 559 454 592 rum
487 544 746 606 qualitatum
769 556 868 605 ope,
899 545 973 602 fied
991 545 1178 607 specifice?
1212 548 1391 610 quadam
1414 549 1607 598 virtute,
1640 549 1694 595 (φ
1719 551 1851 594 totius
1869 546 2104 604 fitbstantiae

348 607 413 652 ad
439 607 594 657 Solem,
627 608 768 653 veluti
802 608 1141 664 Conservatorem
1160 609 1307 665 fitam,
1335 614 1543 657 converti.
1644 611 1770 660 illud
1797 611 1991 675 insuper
2015 611 2105 658 mi-

346 665 464 720 rum
481 703 493 725 ,
517 670 660 733 quod
684 670 746 718 de
770 667 1012 719 Astrione
1042 673 1203 737 lapide
1227 673 1463 738 legimus:
1502 673 1581 721 hic
1611 675 1661 722 in
1690 673 1837 730 Indijs
1864 675 2072 722 nascitur
2088 704 2102 725 ,

354 728 529 796 estque
547 731 777 798 crystallo
806 733 1161 797 persimilis,·in
1191 736 1363 785 medio
1391 737 1597 785 Stellam
1627 739 1880 790 continet,
1902 752 2010 798 quae
2033 738 2103 783 in-

353 793 449 845 star
462 798 634 850 Lunae,
659 797 866 859 quando
889 797 1142 847 decimam
1172 812 1400 860 quartam
1424 802 1597 861 attigit,
1620 800 1840 845 relucere
1869 799 2106 861 conspici-

351 871 449 909 tur.
550 861 748 924 Pyriten
769 859 985 923 lapidem
1012 862 1196 909 enutrit
1219 860 1403 915 Persia,
1422 861 1487 909 fic
1515 862 1704 910 diCtum
1731 862 1792 908 ab
1821 863 1962 925 igne,
1981 876 2103 909 nam

353 922 704 973 vehementius
737 922 881 971 illum
913 939 1067 971 manu
1099 923 1132 971 si
1170 938 1366 986 premas
1389 957 1402 978 ,
1430 923 1610 974 referes
1640 923 1843 987 digitos,
1872 923 1954 972 sed
1981 938 2102 971 cum

353 986 528 1036 Mutio
552 986 775 1035 Scaevola
796 983 996 1033 adustos
1010 1019 1022 1038 ,
1043 989 1111 1034 ita
1132 986 1410 1050 Phosphori
1428 985 1574 1035 instar
1593 986 1789 1036 furores
1811 990 2104 1052 ignivomos

354 1049 641 1105 eiaculatur,
741 1045 986 1110 Ephestis,
1008 1050 1197 1114 lapillus
1228 1052 1278 1098 in
1299 1049 1503 1100 Corsica
1533 1051 1763 1103 celebris,
1786 1050 1888 1099 siin
1916 1065 2102 1112 aquam

353 1110 651 1173 bullientem
672 1111 805 1163 forte
829 1114 1081 1175 projicias,
1100 1113 1428 1176 refrigeratur.
1499 1116 1626 1163 Non
1650 1115 1826 1179 procul
1849 1113 2105 1177 Carthagi·

354 1190 421 1222 ne
449 1174 666 1239 lapidem
692 1171 761 1223 est
781 1177 1019 1239 reperire,
1041 1179 1126 1239 qui
1144 1179 1194 1225 in
1224 1173 1383 1226 aestate
1408 1177 1599 1241 semper
1621 1178 2029 1230 flammivomus,
2049 1178 2104 1224 in

351 1236 540 1302 hyeme
566 1253 593 1287 a
634 1253 811 1287 uarum
839 1240 1185 1303 scaturiginem
1208 1242 1416 1288 emittit:
1454 1239 1517 1289 sic
1537 1244 1586 1291 <Se
1610 1242 1803 1290 Galatia
1829 1241 1966 1305 lapis,
1989 1244 2104 1288 ada-

350 1302 536 1350 mantis
558 1303 627 1349 inl
654 1298 794 1353 ar,cst
814 1302 1090 1352 obduratus
1106 1321 1116 1351 τ
1130 1303 1162 1352 fi
1183 1305 1421 1367 inignem
1435 1305 1788 1369 projicias,non
1809 1301 1974 1353 modo
1996 1316 2106 1351 non

351 1363 564 1418 laeditur,
587 1362 668 1413 sed
689 1368 816 1415 inter
840 1366 1028 1415 medias
1048 1366 1277 1416 flammas
1298 1368 1450 1431 frigus
1472 1369 1700 1417 nativum
1719 1369 2104 1421 conservat‚nec

351 1427 636 1476 incalescit.v
717 1429 814 1479 Sed
842 1429 962 1491 quid
993 1433 1279 1495 peregrinos
1297 1433 1581 1495 Trapezitas
1600 1431 1913 1480 advocamus
1940 1447 1997 1478 ex
2025 1431 2106 1478 In-

355 1489 465 1539 dia?
511 1490 633 1553 quid
648 1503 786 1540 terrae
807 1492 986 1542 viscera
998 1495 1245 1544 rimamur
1266 1493 1584 1559 profundius,
1598 1496 1715 1542 cum
1736 1495 1964 1558 prodigia
1987 1509 2104 1557 proa-

351 1555 639 1616 pemodum
654 1555 860 1619 pedibus
873 1558 1233 1606 conculcemus
1246 1560 1295 1606 in
1307 1558 1461 1607 calce?
1481 1557 1542 1606 ab
1554 1560 1668 1620 igne
1683 1557 1996 1621 nigredinem
2010 1570 2103 1606 tra-

348 1617 834 1680 huntcorpora,calx
855 1621 1026 1682 recipit
1037 1620 1334 1668 candorem.
1402 1620 1616 1686 Lapides
1629 1620 1858 1684 deturpat
1877 1620 2102 1670 flamma,

347 1680 540 1728 calcem
552 1678 794 1744 purificat,
809 1681 920 1729 illos
934 1684 1230 1746 corrumpit,
1249 1681 1378 1731 hanc
1391 1685 1603 1734 animan
1623 1698 1741 1730 nam
1754 1685 1922 1746 ignem
1935 1682 2107 1731 occul-

349 1737 529 1790 tissime
558 1745 737 1795 nutrit,
770 1742 955 1792 merito
986 1747 1128 1798 viva,
1153 1748 1266 1808 quia
1293 1746 1498 1795 flamma
1529 1744 1849 1799 Promethei,
1882 1746 2102 1795 velntla-

349 1817 488 1854 tente
503 1803 689 1859 anima,
708 1805 968 1855 vivificata.
1006 1809 1134 1856 illud
1156 1805 1641 1872 mirum‚quodcum
1663 1810 2105 1872 extinguitur‚tunc

349 1869 668 1918 accenditur:
707 1883 825 1918 nam
858 1882 912 1919 ut
940 1872 1152 1919 occultis
1184 1871 1377 1935 ignibus
1409 1882 1572 1920 careat
1594 1902 1607 1923 ,
1641 1885 1780 1932 aquae
1802 1873 2100 1928 infunditur,

349 1931 428 1983 vel
454 1928 584 1994 aqua
609 1930 946 1995 perfunditur:
992 1936 1042 1984 ὅ(
1064 1934 1183 1982 cum
1201 1931 1316 1983 ante
1338 1934 1393 1983 fit
1413 1933 1737 2000 frigida,inde
1757 1935 1997 1989 fervescit,
2012 1952 2101 1986 un-

349 1994 415 2043 de
436 1994 677 2044 ferventia
704 1997 880 2044 cuneta
902 1994 1190 2060 frigescunt:
1238 1995 1361 2063 ergo
1382 1998 1650 2064 exspirante
1668 1994 1816 2060 gleba
1847 1998 2100 2049 discedens

348 2059 491 2122 ignis,
505 2060 590 2121 qui
610 2058 817 2113 latebat,
839 2064 1110 2124 apparet,&
1132 2061 1268 2110 velut
1289 2074 1491 2110 mortua
1503 2063 1602 2118 jam
1622 2059 1750 2118 jacet
1776 2062 1881 2111 calx
1900 2058 2095 2126 frigida,

352 2119 613 2184 quamque
651 2122 784 2185 prius
817 2123 1130 2173 vocabamus
1160 2128 1358 2178 vivam,
1391 2125 1487 2180 jam
1526 2139 1771 2172 vocamus
1809 2127 2094 2178 extinctam.

351 2184 498 2251 Qid
524 2181 617 2237 est,
638 2186 781 2247 quod
811 2185 928 2235 huic
957 2188 1210 2236 Miraculo
1238 2187 1353 2236 addi
1385 2187 1522 2253 posse
1548 2186 1805 2238 videatur?
1855 2193 1905 2240 ὃ(
1926 2202 2098 2241 tamen

351 2251 572 2299 additur:
611 2262 731 2295 nam
766 2247 799 2297 fi
824 2266 934 2298 non
962 2250 1195 2299 adhibeas
1214 2260 1397 2314 aquam
1414 2284 1428 2303 ,
1451 2250 1532 2298 scd
1551 2250 1750 2304 oleum,
1772 2254 1912 2315 quod
1934 2255 2097 2313 major

350 2313 520 2362 fomes
540 2307 608 2357 est
636 2312 784 2375 ignis,
811 2309 946 2372 nulla
967 2319 1066 2370 ejus
1087 2313 1370 2379 perfusione
1391 2315 1630 2364 fervescit.
1709 2318 1830 2366 Haec
1849 2317 1911 2367 de
1930 2321 2099 2384 vulga-

98 2390 159 2440 L
175 2398 247 2436 21.
270 2386 322 2435 de
352 2377 392 2425 ri
411 2378 615 2427 Naturae
632 2375 899 2429 Miraculo‚
921 2377 983 2426 ad
1007 2378 1158 2441 usque
1175 2379 1480 2427 Miraculum
1509 2381 1747 2428 attonitus
1760 2379 2094 2445 Augustinus:

102 2454 185 2503 liv,
206 2466 303 2514 0‚4‚
353 2443 438 2505 qui
463 2437 716 2488 cruditum
745 2439 1011 2490 discursum
1041 2440 1145 2490 hoc
1165 2440 1555 2506 epiphonemate
1584 2443 1792 2493 claudit:
1846 2446 2095 2502 ejusmodi

351 2500 698 2572 prodigiosam
728 2504 964 2556 virtutem
990 2503 1026 2556 si
1054 2504 1116 2556 de
1144 2504 1306 2571 lapide
1328 2506 1557 2570 quodam
1579 2508 1757 2560 Indico
1788 2508 2093 2573 legeremus,

1911 2586 2032 2637 pro-¹

109 388 221 435 Lde
230 397 326 434 arte

106 465 248 513 magn.
