2177 2905
95 101 132 155 ς
738 93 934 141 Ariadne
960 91 1149 156 Physica.
1676 108 1764 161 155

331 188 452 235 Hinc
468 195 597 250 atque
617 185 714 233 hinc
731 187 939 234 elementa
951 223 964 239 ‚
987 187 1137 251 quibus
1154 190 1199 235 in
1214 188 1352 237 verba
1381 189 1548 243 maiiiv,

332 248 514 309 Qidfit
531 259 654 308 opus,
665 250 824 308 sentit,
836 248 1041 314 ferraque
1066 254 1302 312 interprete
1323 253 1457 310 discit.
1496 256 1506 268 ‘

330 315 446 372 Qin
467 314 600 358 etiam
615 345 628 365 ,
646 314 740 360 clim
752 313 1032 375 starestylum
1052 316 1199 366 videt,
1226 317 1306 376 ipse
1327 316 1504 378 viciffim

327 379 375 422 si
392 390 478 439 quae
502 375 773 437 respondenda
794 388 951 437 putat,
959 376 1095 434 simili
1114 381 1282 425 ratione

272 451 274 453 ·
331 438 560 484 Litterulis
585 440 709 485 varie
729 440 853 486 uzetia
871 438 1063 497 rescribit
1084 443 1237 489 amico.

201 500 400 552 LEUC:
467 501 662 553 Studio,
685 500 738 551 ni
756 503 919 556 fallor,
931 502 1036 553 hoc
1055 505 1450 570 experimentum
1474 516 1530 554 tu
1554 501 1680 570 stylo
1692 506 1820 556 Poe-

75 565 337 616 tico3nam
348 564 565 614 Pindum
590 564 724 630 sapit.
793 567 1007 616 Nollem
1027 565 1261 631 profesto
1283 567 1427 627 hujus
1441 570 1510 617 tei
1529 568 1693 618 facere
1713 581 1819 618 ten-

73 639 263 683 tamen,
285 643 348 677 ne
371 643 491 677 cum
523 626 677 692 opera
698 641 906 692 quoque
932 630 1126 678 oleum'
1136 631 1413 696 perderem.
1480 633 1638 678 MEL:
1723 634 1818 681 Ite-

75 705 186 740 rum
209 704 262 741 tu
290 693 430 758 plura
459 691 522 743 ad
547 692 796 756 linguam,
821 708 975 755 quam
1002 694 1205 742 limam:
1243 707 1486 757 tyronum
1508 710 1693 761 nempe
1712 694 1818 745 hoc

74 750 250 818 stigma
272 753 367 811 est,
396 754 540 819 quod
565 758 643 804 vel
674 757 851 805 cunCta
870 752 1167 821 praepostere
1188 771 1400 822 negent,
1421 758 1500 807 vel
1529 758 1630 807 sine
1654 755 1818 808 distin-

72 817 250 866 &tionis
280 819 466 875 judicio
492 819 677 868 cunetis
709 819 864 869 fidem
891 819 1175 868 adhibeant.
1277 821 1487 884 Utique,
1511 835 1604 870 nec
1624 836 1721 885 ego
1739 836 1817 869 ca-

69 893 160 942 put
187 882 276 930 tibi
305 897 482 932 meum
505 897 573 944 op
611 884 814 945 ignem,
835 880 979 946 quod
1005 884 1057 931 in
1078 884 1249 946 quavis
1278 880 1532 938 distantia,
1558 885 1611 932 in
1641 885 1816 947 quavis
1897 932 1900 934 ,

66 943 359 1007 Magnetica
380 946 565 1009 lingula
577 898 689 994 fhoe
716 945 803 994 fibi
821 943 1014 995 constet
1041 948 1466 1010 experimentum3
1499 947 1624 996 illud
1648 949 1818 1001 etiam,

72 1016 223 1068 atque
254 1010 406 1056 etiam
437 1007 684 1062 affevero,
709 1009 1048 1074 experientias,
1072 1005 1305 1059 historica
1328 1010 1426 1059 fide
1455 1010 1709 1076 probatas,
1730 1007 1819 1059 nifi

70 1081 279 1133 utraque
301 1087 457 1120 manu
475 1073 658 1136 palpari
682 1083 892 1133 queant,
915 1088 1038 1121 mox
1068 1071 1287 1136 relegare
1311 1074 1373 1122 ad
1396 1073 1671 1139 Utopicam
1681 1071 1819 1123 AEso-

69 1134 120 1197 pi
137 1133 358 1183 Thulem
375 1167 388 1189 ,
410 1134 700 1198 Philosophi
728 1151 837 1184 non
866 1135 985 1188 effe,
1010 1135 1091 1184 sed
1111 1135 1344 1198 Dydimi,
1366 1138 1418 1185 in
1450 1136 1540 1186 suis
1564 1137 1817 1186 erroribus

69 1193 320 1246 obstinati.
391 1200 517 1265 Quis
539 1200 675 1246 enim
702 1211 871 1262 neget,
893 1197 979 1247 nili
999 1202 1144 1248 Zeno
1163 1199 1548 1254 incredulus,cui
1568 1211 1716 1266 caput
1732 1213 1820 1265 gy-

69 1271 233 1314 ratur,
258 1258 415 1325 magis
438 1259 593 1324 quam
616 1262 862 1326 Diogenis
886 1261 1109 1314 dolium,
1129 1263 1263 1324 quis,
1289 1263 1524 1325 inquam,
1543 1275 1709 1327 neget,
1735 1262 1820 1312 da·

69 1325 108 1373 ri
128 1324 386 1386 qualitates
412 1323 737 1390 sympathicas
755 1357 769 1379 ,
795 1327 847 1375 ὃς
864 1323 1185 1390 antipathicas
1201 1356 1213 1378 ,
1242 1321 1269 1374 ὲ
1298 1326 1476 1388 quibus
1506 1338 1586 1375 tot
1601 1325 1819 1376 Parado-

69 1403 129 1436 xa
141 1387 343 1452 Physica
361 1404 470 1439 non
489 1401 593 1437 tam
613 1400 828 1451 arguunt
844 1388 1028 1451 Sophi‚
1051 1387 1206 1451 quam
1228 1390 1424 1437 tatione
1447 1386 1709 1438 manifesta
1733 1389 1819 1438 de-

70 1452 279 1502 ducunt.
331 1454 550 1503 Noveris
565 1484 579 1506 ,
600 1452 743 1513 quod
765 1451 826 1499 de
840 1451 1120 1501 Hirundine
1140 1454 1332 1501 marina
1347 1484 1360 1507 ,
1378 1452 1506 1517 pisce
1524 1454 1593 1501 sat
1610 1465 1743 1504 noto
1764 1454 1820 1503 in.

67 1515 584 1564 mariMediterranco
600 1547 612 1568 ‚
633 1514 918 1579 lchtyologi
938 1515 1176 1563 referunt.
1245 1517 1366 1564 Haec
1391 1516 1527 1564 enim
1550 1514 1742 1571 ficcata,
1764 1516 1818 1569 ὃς

67 1574 101 1628 ὲ
120 1578 292 1629 Musaei
313 1579 462 1628 tholo
486 1576 725 1643 suspenia,
746 1579 826 1626 vel
845 1581 996 1626 etiam
1024 1577 1206 1627 inclusa
1235 1581 1394 1633 vitro,
1418 1580 1600 1628 virtute
1625 1579 1818 1644 sympa-

67 1642 201 1691 thica
218 1645 530 1691 convertitur
559 1640 622 1690 ad
643 1640 849 1689 flantem
881 1652 1109 1693 ventum,
1130 1638 1352 1703 eumque
1378 1638 1561 1695 rostro,
1584 1641 1717 1692 Galli
1743 1643 1817 1691 in·

66 1703 164 1756 star
180 1703 437 1760 versatilis,
458 1699 786 1753 demonstrat.
886 1702 1030 1753 Idem
1059 1702 1393 1768 spectaculum
1423 1703 1673 1756 Kirchero
1700 1720 1819 1771 prae-

71 1769 182 1820 buit
210 1767 392 1833 Physa,
423 1768 678 1833 pisciculus
713 1769 765 1815 in
791 1769 889 1817 oris
911 1768 1116 1818 Niliacis
1143 1767 1375 1822 celebris,
1399 1782 1557 1831 quem
1592 1767 1724 1817 hanc
1745 1768 1819 1818 ob

69 1832 267 1881 causam
295 1831 506 1894 AEgyptii
528 1834 671 1876 Deum
690 1843 916 1876 ventorum
928 1851 945 1884 ;
965 1831 1041 1886 alii
1062 1833 1310 1889 Magnetem
1328 1833 1520 1877 AEolium
1547 1831 1815 1896 appellant.

67 1895 149 1944 Sic
168 1893 317 1942 Stella
336 1892 517 1958 polaris
534 1891 722 1938 influxu
743 1892 1002 1940 benevolo
1022 1893 1168 1941 trahit
1185 1909 1334 1941 acum
1346 1894 1714 1956 Magneticam‚
1736 1893 1820 1943 vel

67 1956 234 2025 potius
248 1956 459 2020 Magnes
480 1954 714 2016 qualitate
735 1952 913 2004 amica,
932 1953 977 2001 se
999 1953 1044 2001 se
1066 1957 1212 2002 vertit
1228 1956 1289 2002 ad
1307 1952 1437 2003 istud
1455 1954 1615 2011 Sidus,
1639 1955 1722 2005 etfi
1745 1957 1817 2006 ul-

67 2032 140 2070 tra
153 2020 403 2068 millioncs
414 2015 967 2081 trigintainmilliaribus
979 2017 1288 2066 Germanicis
1302 2015 1469 2066 distet:
1506 2034 1533 2067 a
1564 2018 1629 2068 fic
1646 2018 1814 2083 legisse

68 2099 155 2134 me
173 2082 411 2134 memini,
433 2093 687 2145 repertum
717 2079 982 2141 quondam
1002 2081 1053 2127 in
1075 2082 1270 2129 Oceani
1295 2081 1464 2131 littore
1484 2082 1709 2147 lapillum
1738 2086 1809 2133 ni-

65 2162 233 2214 grum,
253 2159 409 2208 quem
429 2143 547 2191 cum
568 2143 754 2192 levaret
771 2141 946 2207 hospes
960 2178 973 2194 ‚
996 2142 1184 2193 secutus
1206 2143 1456 2194 continuo
1478 2146 1615 2199 alter,
1631 2157 1686 2195 ut
1706 2162 1811 2196 me·

69 2207 168 2260 rito
191 2207 378 2257 dixisses
400 2206 674 2271 gemellum
687 2202 913 2260 Castora,
924 2207 1010 2268 qui
1028 2220 1199 2256 motus
1212 2207 1428 2256 Pollucis
1447 2223 1645 2263 omnes,
1658 2225 1810 2260 aemu-

68 2275 257 2324 latione
282 2266 554 2335 spontanea
572 2271 862 2316 imitaretur.
923 2269 955 2316 b
1004 2270 1083 2318 Sic
1101 2270 1496 2334 Heliotropium,
1515 2270 1810 2323 Helenium-

69 2352 170 2399 que
187 2368 199 2388 ‚
222 2335 405 2383 Latinis
428 2333 592 2383 Enula‚
618 2333 868 2380 orientem
889 2332 1162 2387 Phoebum,
1185 2345 1414 2382 mutante
1431 2336 1591 2399 capite
1605 2335 1808 2386 inclina·
1943 2378 1952 2387 .

68 2413 147 2452 ta,
169 2397 368 2446 adorat:
405 2410 528 2444 mox
548 2392 1003 2453 intentacontinuo
1029 2395 1155 2444 facie
1174 2397 1548 2461 contemplatur
1570 2412 1774 2447 euntem
1790 2433 1804 2456 ,
1835 2377 1992 2425 “dmm

70 2466 121 2513 ὅ(
142 2461 278 2510 velut
299 2457 599 2524 pediffequa,
618 2458 664 2506 se
680 2457 926 2522 gyrando,
945 2457 1008 2506 ad
1032 2458 1182 2522 usque
1199 2459 1354 2509 undas
1374 2462 1486 2510 Hes
1508 2462 1627 2510 erias
1649 2465 1807 2511 comi-
1827 2439 1972 2498 plant·

5 2542 17 2552 Α
70 2537 217 2576 tatur.
312 2524 393 2574 Sic
412 2524 626 2588 Magnes
648 2521 853 2573 attrahit
878 2521 1068 2638 ferbui}
1091 2555 1107 2579 ‚
1131 2522 1443 2591 AEthjopjcus
1490 2527 1590 2593 aij
1602 2540 1807 2640 &axem
1832 2500 2013 2628 plag-5.

1840 2011 2089 2123 Dstzuscl&

1838 2124 1884 2170 in
1905 2125 2061 2174 Matre

1839 2186 1973 2235 dolor.

1836 2249 1979 2371 JonJl.
2002 2313 2053 2362 de
