2177 2905
424 69 514 125 184
1023 68 1204 132 O·¹,·'pas
1237 67 1448 134 Phfficus.

355 157 552 208 bantur.
621 156 738 209 Im&
763 159 953 210 eodem
973 160 1213 213 Authore
1231 195 1245 217 ‚
1274 160 1545 228 Giganrem
1571 161 1838 214 inventum
1868 161 2109 231 legimus,

356 222 493 278 cujus
517 236 701 287 corpus
723 222 948 274 ducentis
965 225 1141 276 cubitis
1163 229 1243 277 vix
1271 227 1401 276 bene
1424 239 1624 292 poterat
1651 226 1806 293 redigi
1834 229 1887 286 in
1915 229 2111 280 mensu·
2167 252 2176 255 >

107 286 166 334 Li
180 291 222 341 ς.
242 282 293 328 de
340 299 483 355 Jam-
553 285 794 351 Denique
813 289 1137 355 Hipponense
1157 289 1426 339 oraculum
1443 289 1581 340 nefas
1603 288 1688 340 hic
1706 294 1965 355 praeterire.
2018 294 2110 344 Vi·

108 351 295 405 Civ.c.9.
357 348 436 403 di,
478 350 670 413 inquit,
708 366 818 401 non
835 353 933 417 ipse
959 353 1114 408 solus,
1151 353 1233 402 sed
1255 353 1332 410 alii
1362 368 1598 408 mecum,
1635 356 1872 417 in51ittore
1893 356 2111 408 Uticensi

110 616 264 670 Pined.

108 682 200 732 Del
219 681 322 733 Κὶο.

355 411 608 462 molarem
625 413 843 465 hominis
866 415 1072 467 dentem
1092 450 1106 470 2
1132 413 1393 476 tamvastae
1415 417 1565 467 molis
1591 449 1606 471 ‚
1633 430 1689 468 ut
1707 434 1765 467 ex
1795 418 1885 468 illo
1904 431 2124 470 centum
2169 406 2177 425 ¹

355 475 481 525 aiios
502 509 515 531 ‚
535 473 715 527 nostris
738 480 948 542 aequales
962 514 975 534 ,
998 487 1106 529 non
1122 478 1387 533 difficulter
1401 479 1596 530 Artifex
1607 481 1868 531 excidisset.
1936 483 1976 532 E
2001 485 2111 546 qui-

356 538 449 589 bus
464 574 478 593 ‚
499 551 640 595 reor,
666 545 820 591 cuivis
834 542 1145 609 Philosopho
1155 542 1222 593 sat
1239 540 1588 597 manifestum,
1609 545 1885 610 Gigantum
1905 545 2110 611 genesin

357 601 446 653 soli
468 605 684 655 Nasonis
701 606 974 656 adscribere
1000 607 1213 657 cerebro
1226 640 1242 662 ‚
1271 607 1349 657 vel
1371 606 1539 667 infignis
1554 607 1650 657 effe
1668 610 1866 661 stultitiae
1884 644 1900 663 ,
1924 609 2006 661 vel
2027 612 2110 658 im-

352 668 552 729 pudentis
565 672 818 728 proterviet,
839 668 894 720 itt
915 684 1099 721 notant
1111 666 1329 721 'minime
1355 671 1578 735 vulgares
1599 671 1775 738 Sophi.

486 733 684 784 LEUC:
754 733 822 784 Ut
845 734 998 784 video
1026 767 1042 789 ,
1093 736 1243 783 etiarn
1269 731 1390 782 curn
1423 746 1598 799 peccat
1619 737 1814 784 Natura
1835 768 1849 790 ‚
1892 733 1942 783 'se
1962 735 2111 787 nobis

293 857 299 862 ·
356 794 542 866 prabet
567 795 848 846 mirabilem
868 815 879 845 :
932 799 983 846 in
1005 813 1071 847 eo
1094 799 1266 861 utique
1282 796 1397 845 felix
1420 829 1434 850 ‚
1469 796 1612 857 qubd
1635 793 1862 846 monstra
1883 798 2008 847 illius
2030 800 2114 850 ad-

109 980 324 1035 Del,R2‘0.

110 1042 300 1107 l.2.d2]}1.

107 1125 155 1174 q·
171 1119 213 1168 5!

356 874 602 908 miremur
616 856 891 909 monstrata
911 893 924 914 ‚
939 862 1135 926 &ipsos
1156 862 1205 908 in
1263 862 1391 907 retio
1410 873 1737 907 numeremus
1758 859 1979 910 abortus.
2010 863 2119 928 Ap-

396 935 499 971 aret
518 922 688 972 hocin
706 924 948 988 Pygmaeis
962 956 974 976 ‚
1011 938 1141 986 quos
1164 937 1225 971 ve
1248 933 1300 969 ut
1320 937 1427 969 rara
1446 922 1642 970 cimelia
1666 925 1921 972 enutriunt
1933 924 2079 975 Aulae
2098 941 2113 976 t

359 937 477 1037 Eine
501 988 665 1036 Patres
688 984 757 1035 est
774 987 1026 1037 invenire,
1062 986 1142 1034 vel
1158 981 1383 1033 monstra
1404 986 1670 1034 Parentum
1689 985 1875 1050 potius,
1889 989 1975 1049 qui
1994 992 2118 1046 ejus..

360 1050 507 1101 modi
527 1052 734 1100 abortus
753 1065 861 1098 non
886 1047 1054 1098 mode
1082 1049 1290 1113 cupiunt
1314 1081 1329 1102 ,
1375 1048 1456 1096 scd
1486 1049 1868 1097 medicamentis
1902 1064 2115 1114 quoque

359 1128 649 1183 procurant.
750 1114 905 1160 MEL:
977 1113 1098 1161 Haec
1132 1114 1235 1160 auri
1258 1107 1328 1159 est
1352 1111 1483 1160 sacra
1505 1113 1664 1160 fames
1697 1128 1709 1159 τ
1753 1116 1983 1175 quamvis
2005 1128 2115 1165 non

358 1178 451 1232 soli
471 1179 728 1229 Parentes,
762 1175 843 1235 scd
862 1176 1025 1240 &ipsa
1045 1175 1164 1240 saepe
1187 1187 1361 1240 peccet
1383 1176 1602 1229 Natura,
1626 1175 1751 1224 dum
1772 1175 1850 1225 vel
1873 1179 2114 1233 materiae,

359 1243 440 1297 vel
460 1243 651 1292 virtutis
664 1237 872 1306 plasticae
887 1239 1107 1290 descitm
1144 1238 1391 1295 ejusmodi
1415 1238 1725 1288 Pumiliones
1745 1238 1909 1287 editin
1927 1241 2114 1295 lucem,

359 1319 492 1372 quos
511 1304 611 1354 fine
632 1303 906 1369 perspicilijs
926 1306 977 1352 in
993 1303 1159 1351 lucem
1175 1302 1336 1350 editos
1356 1302 1436 1351 vix
1449 1301 1805 1367 deprehendas.
1876 1303 2117 1353 Meminit

357 1368 683 1434 Nicephorus
710 1401 723 1421 ‚
759 1367 1092 1416 homunionis
1126 1365 1384 1422 cujusdam
1415 1396 1428 1417 ‚
1471 1367 1558 1428 qui
1590 1381 1750 1415 annos
1779 1378 1920 1416 natus
1943 1367 2117 1431 viginti

396 1437 585 1496 umque
598 1464 610 1485 ‚
632 1431 839 1497 perdicis
854 1429 1253 1494 magnitudinem
1266 1443 1375 1476 non
1393 1425 1642 1493 superarit.
1711 1429 1999 1479 Cubitalem
2013 1445 2119 1480 ma·

380 1497 581 1549 culum,
602 1494 825 1559 eumque
853 1494 1046 1544 senem,
1081 1491 1272 1541 Psittaci
1284 1488 1436 1540 cavea
1455 1491 1699 1541 inclusum
1713 1493 1838 1541 vidit
1850 1493 2119 1555 quondam

360 1561 503 1612 Italia
522 1558 763 1608 Cardano
788 1554 923 1605 teste.
995 1555 1360 1605 Aldrovandus
1382 1555 1630 1603 Bononiae
1653 1554 1819 1604 vidisse
1841 1557 2055 1605 Nanum
2070 1555 2118 1605 se

362 1622 523 1674 asserit
545 1655 560 1677 ‚
601 1624 689 1684 qui
717 1634 775 1678 30
800 1621 1063 1668 unciarum
1083 1616 1398 1666 altitudinem
1415 1633 1522 1665 non
1542 1618 1799 1680 superavit.
1867 1620 2020 1669 Duos
2036 1634 2120 1684 pe-

361 1684 450 1737 des
472 1687 731 1750 Pygmaeus
747 1678 962 1747 Augusti
983 1696 996 1733 ;
1067 1680 1216 1729 edem
1238 1682 1290 1729 <Sc
1310 1679 1439 1727 duos
1463 1679 1660 1743 palmos
1687 1678 1868 1729 statura
1894 1696 2120 1743 aequave-

360 1761 436 1802 rat
478 1750 656 1799 Nanus
673 1748 701 1805 J
707 1746 812 1796 uliae
829 1778 842 1799 ‚
862 1745 1038 1808 Augul
1063 1747 1075 1792 i
1103 1744 1297 1806 Neptis.
1381 1742 1601 1791 Pumilio
1631 1745 1753 1790 item
1774 1743 1922 1792 fuerit
1943 1745 2122 1793 Mene-

301 1858 306 1861 »
363 1810 539 1864 stratus
558 1811 640 1860 ille
654 1842 668 1863 ,
683 1811 749 1859 *in
761 1823 918 1872 quem
938 1807 1196 1857 Ausonius
1213 1804 1300 1854 sub
1318 1807 1531 1854 nominc
1553 1801 1763 1855 Faustuli
1780 1806 1919 1857 hunc
1934 1807 1987 1857 in
2006 1821 2120 1859 mo-

124 2385 255 2446 Apud

123 2450 237 2497 Lud.
265 2444 340 2497 Vi-

123 2527 219 2560 ‘985-

365 1875 492 1928 dum
524 1876 730 1923 beatur.
1066 1906 1069 1909 .

520 1891 532 1934 ι
589 1936 809 1990 faustulus
828 1931 1003 1993 infidens
1019 1930 1227 1987 firmine,
1264 1931 1315 1978 at
1331 1945 1478 1992 magno
1504 1931 1768 1992 Elephanto,

686 2000 866 2047 Decidit
888 2000 983 2046 &a
1004 1998 1085 2044 heu
1107 1998 1259 2042 cecidit
1275 2012 1357 2041 non
1377 1995 1508 2051 aliter
1537 1997 1728 2042 phaeton
1742 1998 1764 2042 !
2153 2044 2156 2046 ,

364 2065 610 2120 Philetam
631 2064 858 2114 noveris,
884 2060 946 2109 de
967 2061 1099 2109 tribu
1116 2060 1213 2108 levi
1239 2059 1568 2123 nepotulum,
1603 2061 1690 2120 qui
1710 2057 1957 2123 plumbeis
1980 2056 2123 2109 solcis

365 2131 566 2182 munire
593 2125 849 2176 calceolos
864 2123 1063 2177 debuit,
1100 2138 1162 2171 ne
1183 2119 1316 2171 forre
1338 2134 1494 2170 vento
1514 2121 1837 2186 abriperetur.
1931 2123 2123 2172 Primas

367 2207 541 2244 tamen
573 2193 624 2240 in
656 2187 981 2240 Microcosmi
1013 2186 1237 2240 subselliis
1271 2184 1356 2234 fibi
1390 2183 1573 2234 meritc>
1609 2185 1879 2234 vendicant
1913 2187 2124 2236 trecenti
2161 2189 2164 2193 '

371 2258 464 2309 illi,
501 2258 551 2305 ὃ(
572 2254 816 2318 sexaginta
836 2263 1054 2314 quatuor
1075 2250 1278 2304 Duculi‚
1294 2263 1423 2311 quos
1443 2263 1581 2297 anno
1594 2248 1752 2296 salutis
1769 2250 1907 2307 1276,
1921 2247 2127 2318 iplaLu.

371 2336 431 2370 ce
447 2314 652 2369 Christo
675 2317 875 2381 patienti
898 2311 1028 2362 sacra
1044 2346 1056 2365 ‚
1093 2311 1412 2376 Margaretha
1426 2347 1437 2362 ‚
1459 2312 1678 2360 Comitis
1697 2311 1979 2361 Hollandiae
1999 2312 2125 2366 tilia,

372 2398 482 2433 uno
495 2375 784 2442 eodemque
802 2390 944 2443 partu
961 2378 1100 2425 enixa
1115 2376 1348 2424 scribitur,
1417 2376 1519 2424 Res
1538 2374 1695 2423 fidem
1717 2374 2126 2438 Philosophicam

371 2447 619 2517 superaret
639 2476 654 2498 ‚
697 2440 785 2489 nisi
808 2441 1005 2505 pondus
1036 2439 1238 2487 adderet
1260 2438 1354 2504 ipsa
1378 2438 1692 2499 Antiquitate
1710 2436 1996 2486 veneranda
2017 2440 2125 2487 Au-

372 2509 599 2562 thoritas.
697 2504 1018 2574 Epitaphium
1037 2503 1181 2563 hujus
1202 2505 1454 2558 Matronae
1480 2497 1867 2568 historiographi
1884 2499 2123 2612 refertam,

1915 2577 2020 2626 QUO,
