2205 2905
680 77 813 130 Atlas·
840 75 1165 144 Philosbphicm.
1717 86 1746 122 2
1757 85 1776 122 t

83 173 323 243 frigidum
337 209 350 231 ‚
371 177 422 226 in
442 188 550 240 quo
573 176 756 224 veneni
782 176 933 227 virtus
956 173 1206 241 potiffima
1220 206 1233 229 ,
1250 167 1441 236 qusque
1459 169 1726 242 praeprimis
1749 178 1842 216 no-

80 239 228 290 scitur
254 237 470 289 resistere
497 241 833 304 corruptioni·
892 239 1221 318 ¹Problemata
1240 238 1430 299 reliqua
1445 269 1458 289 ,
1480 251 1588 297 quae
1610 249 1661 281 in
1681 228 1846 280 Athe-

82 319 198 353 naeo
223 302 380 368 affigit
404 304 597 367 Jupiter
625 303 925 358 fulminans,
956 319 1014 352 ex
1038 302 1175 352 dictis
1202 300 1403 349 facilem
1435 300 1704 347 sortiuntur
1727 309 1843 343 ana-

80 365 222 431 lyfin.
300 367 571 430 Intelliges,
597 382 684 416 cur
705 367 792 416 sub
811 369 1122 433 Imperatore
1144 365 1405 417 Macrino,
1421 362 1707 412 Theatrum
1736 356 1845 437 ipso

80 431 436 482 Vulcanalium
457 430 562 484 die,
583 430 721 479 sacro
738 432 854 495 igne
875 427 903 481 ὲ
933 431 1092 481 Coelo
1111 429 1301 478 tactum
1315 460 1329 481 ,
1351 426 1592 474 incendio
1626 423 1845 488 flagrant

0 528 3 534 -
77 506 183 544 tam
203 494 471 559 pertinaci,
492 505 548 543 ut
567 509 662 543 nec
682 494 817 550 fluvii
831 528 844 549 ,
864 510 958 544 nec
977 490 1320 560 profuliffimae
1338 491 1516 555 pluviae
1538 484 1845 559 restinguere

75 557 324 608 valuerint
342 556 621 621 serpentem
641 556 929 607 flammam:
965 571 1152 622 nempe
1175 552 1507 605 bituminosus
1527 552 1734 616 ipiritus,
1749 548 1844 622 ful-

74 622 254 670 mineo
286 619 503 685 sulphuri
538 620 632 669 fuit
656 622 914 670 immixtus
934 654 948 675 ,
980 621 1211 671 bitumen
1242 630 1413 668 autem
1442 615 1528 665 sub
1553 613 1661 679 ipfis
1696 613 1843 663 undis

79 683 300 749 flagrare,
315 683 709 748 Pyrotechnicus
726 700 837 733 non
868 681 961 740 est,
982 686 1068 746 qui
1090 696 1254 748 negat.
1322 683 1457 731 Hinc
1484 678 1627 732 lacte,
1653 680 1703 726 &
1722 693 1840 742 prae-

77 743 222 812 cipue
243 751 468 812 caprinO,
485 750 740 812 extingues
764 747 942 797 melius
965 747 1187 799 Vulcani
1203 746 1380 797 furiass
1416 744 1493 792 lac
1521 743 1658 813 enim
1681 741 1772 813 suo
1792 738 1843 789 se

79 812 269 875 glutine
296 809 484 873 affigit,
503 827 561 859 ac
584 813 716 861 intra
749 828 932 877 porm,
963 826 1094 874 quos
1121 821 1367 874 occupat,
1396 801 1842 868 suffocat‘'1gnitan1

76 875 233 924 luem.
331 875 611 937 IntelligeS,
637 890 727 924 cur
763 875 976 924 fulmine
1013 875 1254 923 feriantur
1279 865 1593 934 frequentius
1625 870 1750 922 alta,
1770 881 1843 916 ra-

82 933 144 986 ro
163 935 390 985 humilia.
458 938 597 986 Nam
618 936 655 985 fi
673 953 794 986 cum
811 942 932 987 turri
947 939 1225 1003 Argentina
1237 970 1251 990 ,
1270 935 1686 999 quadringentos,
1699 932 1844 1003 quin-

79 1001 404 1064 quaginta,&
435 999 624 1063 septem
657 1000 808 1064 pedes
831 1034 843 1053 ,
874 1005 1080 1050 aereum
1110 1002 1350 1048 verticem
1386 997 1604 1047 nubibus
1637 997 1844 1048 inieras,

80 1064 203 1127 quid
224 1065 437 1118 mirum,
458 1062 493 1111 fi
523 1062 742 1126 obliquae
774 1064 997 1112 fulminis
1027 1064 1207 1112 semitae
1237 1060 1396 1127 magis
1425 1059 1672 1126 expositus
1694 1092 1710 1114 ,
1736 1074 1837 1108 cre·

77 1127 246 1176 briora
267 1129 428 1190 capias
456 1125 482 1175 a
505 1126 719 1174 fulmine
747 1128 979 1176 vulnera?
1013 1127 1280 1190 intelliges,
1300 1142 1389 1175 cur
1412 1135 1673 1174 tormenta
1696 1137 1843 1172 ruen-

76 1192 139 1238 tis
167 1190 392 1239 fulminis
417 1202 650 1238 avertant
685 1191 903 1254 pericula
913 1208 928 1243 5
964 1188 1074 1239 imo
1105 1206 1194 1239 cur
1219 1204 1493 1238 nonnemo
1520 1183 1802 1253 &Brisgojae
1823 1218 1841 1240 ,

77 1253 167 1302 ,ubi
183 1253 292 1302 'haee
314 1253 604 1316 loquimur,
622 1253 882 1316 Inquilinis
905 1287 918 1308 ,
946 1255 1222 1317 agitatione
1251 1253 1366 1317 pilei
1399 1248 1549 1301 unica
1587 1250 1843 1317 praeterires

81 1316 262 1366 trisulci
294 1317 436 1374 Jovis
468 1317 675 1367 evaserit
706 1316 901 1365 furores
927 1335 936 1364 :
984 1333 1075 1365 cur
1103 1317 1344 1365 feriantur
1370 1316 1536 1380 saepius
1569 1326 1843 1366 torrentesi

78 1396 168 1429 cur
184 1378 541 1433 inconsultum,
571 1382 829 1442 mugiente
849 1380 1008 1429 Coelo
1028 1382 1082 1428 in
1101 1381 1290 1443 campis
1315 1394 1530 1433 currere,
1553 1390 1639 1427 aut
1659 1379 1710 1426 in
1722 1379 1842 1426 Mu-

79 1443 176 1492 saeo
201 1443 418 1492 liberum
434 1446 535 1492 ae'ri
562 1442 821 1492 transitum
840 1443 1104 1508 indulgere
1119 1476 1132 1497 ,
1152 1445 1273 1505 quia
1303 1441 1511 1496 scilicet,
1534 1441 1640 1490 haec
1660 1443 1842 1491 omnia

78 1506 276 1556 subtiles
303 1506 523 1554 fulminis
548 1505 725 1554 halitus
740 1539 752 1559 ,
773 1505 874 1555 una
894 1522 1016 1555 cum
1039 1521 1159 1556 aura
1173 1538 1186 1559 ,
1207 1504 1464 1554 attrahunt
1474 1503 1661 1570 potius,
1719 1502 1841 1552 uam

77 1569 382 1635 propellunt.
419 1569 517 1617 Sed
536 1566 644 1617 satis
660 1569 729 1617 ¹de
740 1569 1121 1633 fulmine,quod
1137 1569 1262 1634 saepe
1280 1568 1511 1623 brutum,
1521 1567 1669 1618 Philo
1690 1566 1838 1632 opho

76 1633 167 1683 nifi
192 1633 375 1686 bruto,
393 1632 547 1681 :rarius
567 1633 886 1686 2timen-dum5
916 1634 1066 1693 quod
1094 1633 1128 1682 si
1157 1634 1266 1696 quis
1298 1636 1350 1682 in
1377 1631 1487 1681 finu
1517 1632 1669 1681 aleret
1699 1632 1840 1695 lepo-

76 1712 213 1750 rem,
227 1700 284 1746 sin
303 1693 618 1745 subterranea
643 1694 817 1761 crypta
835 1697 928 1745 sese
948 1700 1126 1747 vivum
1148 1696 1371 1761 sepeliat:
1408 1712 1529 1745 nam
1554 1696 1680 1745 ultra
1696 1697 1840 1758 quin-

78 1774 177 1823 que
200 1759 353 1824 pedes
367 1792 380 1814 ,
400 1771 488 1808 aut
505 1759 703 1808 cubitos
717 1793 730 1814 ,
751 1772 889 1810 terrae
916 1761 1115 1810 fulmen
1134 1762 1438 1825 immergere
1469 1775 1580 1808 non
1609 1759 1736 1808 solet
1757 1762 1837 1808 ae'-

78 1839 189 1873 reus
206 1824 424 1888 Jupiter,
447 1822 532 1871 nili
560 1820 695 1871 forte
723 1825 829 1873 vim
860 1824 1241 1873 addat‘Tonans
1274 1825 1382 1877 ille,
1408 1822 1437 1872 a
1466 1824 1603 1881 cujus
1632 1821 1834 1878 furore,

71 1902 226 1936 mens
246 1882 380 1934 male
402 1885 627 1939 conscia,
657 1901 750 1933 nec
777 1888 829 1933 in
844 1887 1028 1935 inferni
1050 1886 1289 1935 barathro
1304 1920 1317 1940 ,
1337 1884 1445 1935 satis
1467 1885 1513 1934 se
1540 1884 1831 1935 occultabit,

201 1949 429 2002 LEUC:x
471 1951 713 1997 Terrores
732 1946 958 1998 coelestes
976 1961 1033 1998 ru
1054 1953 1105 1997 in
1122 1949 1339 1998 fulmine
1357 1948 1625 1998 hactenus:
1658 1949 1834 2005 adjun-

77 2029 139 2079 ge
152 2014 370 2066 Itidem,
392 2013 534 2070 Jovis
564 2012 739 2077 placati
763 2014 1019 2066 nuntiam,
1048 2011 1312 2062 serenitatis
1338 2012 1701 2077 prodromam,
1721 2026 1833 2077 quae
1861 2028 1967 2081 Iria.

72 2073 338 2127 coelestem
368 2076 558 2126 Telluri
594 2090 772 2140 pacem
807 2091 1018 2125 amoena
1040 2075 1170 2124 ferat
1188 2108 1201 2130 ,
1226 2077 1557 2126 multicolore
1585 2075 1830 2126 caduceo.

83 2140 222 2205 Qid
256 2139 319 2188 de
336 2136 427 2196 ista
449 2139 635 2188 erudiri
664 2138 985 2204 Philosophi?
1051 2141 1207 2187 MEL:
1274 2140 1553 2191 Coloribus
1581 2141 1721 2197 variis
1744 2139 1834 2189 de-

78 2208 292 2269 pingunt
312 2214 586 2251 meteoron
613 2199 743 2252 istud
766 2203 1136 2267 emphaticam:
1172 2203 1490 2254 Poffidonius
1522 2203 1672 2252 Phoebi
1690 2205 1832 2266 specu-

74 2270 171 2316 lum
191 2266 428 2331 appellat:
464 2267 653 2316 Seneca
673 2265 879 2322 roscidam
905 2267 1008 2313 Solis
1037 2269 1280 2327 imaginem.
1359 2269 1631 2334 Samogitae
1645 2264 1832 2326 fortunae

75 2331 294 2391 cingulum
316 2326 508 2384 dixere,
533 2328 676 2392 quod
704 2329 834 2379 dum
857 2329 1106 2394 splendet,
1124 2333 1275 2410 perit,
1298 2327 1469 2396 ,sitque
1493 2344 1602 2382 tam
1623 2330 1832 2381 difficile

80 2407 249 2460 captu,
263 2391 419 2456 quarn
442 2392 656 2441 amabile
679 2392 805 2443 visu:
840 2396 920 2450 alij
940 2396 1272 2445 nominarunt
1289 2395 1831 2458 omexcelfijucundum

75 2457 380 2521 spefiaculum,
402 2457 615 2503 oculorum
643 2458 843 2509 illiciam,
867 2460 987 2518 pacis
1008 2457 1259 2518 symbolum.
1358 2455 1602 2525 Optime,
1632 2458 1829 2508 divinus

79 2523 256 2580 Plato,
276 2519 416 2574 illam
444 2521 648 2576 vocavit
666 2519 1026 2640 Thaumancgzm,
1042 2521 1126 2577 seu
1151 2524 1449 2580 admirationis
1469 2526 1628 2576 filiam
1653 2534 1830 2636 ’fmus

138 2618 145 2626 .
974 2596 1004 2646 3
1687 2599 1766 2640 ot-
