2132 2916
46 1269 126 1316 Me
139 1263 253 1316 Abr,

165 2286 209 2319 1.

335 99 353 131 1
368 97 385 130 1
397 95 427 130 2
839 77 971 144 Scylla
1005 88 1133 146 atque
1168 74 1412 144 Charybdz‘s'.

308 189 495 227 uorum
528 169 683 239 gratia
710 169 927 226 Divinus
956 173 1272 226 Architestus
1300 184 1439 241 prata
1470 171 1679 224 floribus
1701 175 1936 240 pinxerit,
1960 174 2032 225 di-

268 192 487 291 stinxerit
522 237 723 287 colores
749 272 763 295 ,
795 236 1080 291 stabiliverit
1119 239 1398 294 elementa,
1445 238 1659 288 Coelum
1697 236 1889 287 ornarit
1910 237 2032 288 side->-

271 303 406 354 ribus
428 334 442 356 ,
474 303 526 351 &
555 298 650 352 hac
680 301 1055 367 pulchritudine
1085 297 1221 353 varia
1241 334 1254 355 ,
1287 316 1347 350 ac
1379 298 1588 366 pulchra
1626 303 1863 353 varietate
1887 335 1900 356 ,
1922 301 2032 367 spe·
2101 349 2114 355 ,

275 365 510 416 &abilem
528 362 660 414 hanc
682 364 868 418 Mundi
891 365 1183 416 machinam
1206 360 1497 428 procrearit.
1606 367 1784 430 Atque
1813 363 1944 413 hanc
1966 363 2038 413 ob

278 427 479 479 causam
500 426 842 493 pronuntiasse
870 428 1168 479 crediderim
1197 429 1508 493 Stagiritam,
1529 427 1688 493 magis
1712 428 1740 477 a
1761 427 1909 478 nobis
1935 426 2039 476 dili-

281 495 332 557 gi
346 491 542 542 oculos,
561 493 677 554 quia
701 492 839 558 plura
865 491 1082 546 docent,
1111 491 1318 541 scientiae
1343 504 1515 540 autem
1539 491 1779 556 cupiditas
1799 491 2040 540 omnibus

280 557 457 606 sciatur
475 553 570 606 effe
591 558 879 619 congenita.
947 555 1081 605 Hinc
1101 554 1185 604 ubi
1204 557 1386 610 rem,in
1404 557 1570 619 pauzis
1590 554 1739 605 nobis
1762 567 2042 620 acceptam,

281 620 452 685 paucis
477 619 755 683 exprimere
779 620 1008 683 cupimus
1024 652 1037 673 ‚
1071 620 1322 670 cariorem
1348 618 1456 684 ipsis
1490 618 1677 674 oculis,
1703 618 1786 669 vel
1816 618 2044 667 ocellum

282 678 518 733 nostrum
543 681 749 747 compel
771 697 929 731 amus.
1016 684 1130 734 Nec
1159 680 1188 731 a
1207 697 1331 732 vero
1353 682 1599 732 aberravit
1621 679 2043 731 nominatissimus

284 746 367 795 ille
385 746 681 813 Sapicntum
698 744 897 800 Thales,
922 744 1089 811 palam
1114 746 1328 800 edicenS,
1348 758 1547 795 tantum
1568 744 1662 795 effe
1691 745 1873 795 oculos
1898 747 2045 796 inter,

286 821 438 872 atquc
458 824 598 857 aures
620 808 897 864 discrimen,
913 822 1160 872 quantum
1178 811 1441 860 veritatem
1466 811 1592 857 inter
1613 812 1662 861 ὅς
1691 807 2045 857 mendacium:

287 871 530 922 omnibus
554 874 739 939 quippe
763 872 997 925 usitatum
1018 875 1286 927 novimuS,
1307 870 1429 921 teste
1449 874 1653 924 Seneca,
1669 885 1722 921 ut
1746 872 2051 936 ampliorem
2114 888 2119 890 ·

288 936 450 985 oculis
472 934 628 984 fidem
653 936 929 986 tribuamus
945 970 958 991 ,
975 935 1130 999 quam
1151 936 1347 985 auribus
1372 932 1654 1000 nimiopere
1677 935 1957 984 fallacibus:
1993 949 2051 984 ac

289 995 407 1049 licet
437 1014 555 1051 vera
580 999 822 1053 referant,
855 999 1045 1063 segnius
1077 1012 1251 1049 tamen
1282 1001 1473 1048 irritant
1502 1000 1702 1048 animos
1733 997 1937 1047 dcmiffa
1966 1012 2052 1064 per

291 1078 433 1112 aures
449 1095 462 1116 ,
488 1062 644 1126 quam
667 1078 777 1128 quae
800 1063 910 1112 sunt
930 1063 1090 1112 oculis
1114 1061 1379 1112 commiss'a
1402 1061 1648 1114 fidelibus.
1735 1063 1912 1125 Atque
1935 1060 2054 1111 inde
2071 1070 2083 1079 ·

292 1126 484 1176 factum
504 1138 737 1181 autumo,
759 1123 905 1189 quod
928 1139 1104 1179 natura
1129 1126 1351 1178 auribus,
1375 1127 1492 1190 quia
1515 1124 1791 1179 vilioribus,
1817 1125 2054 1175 humilio-

292 1206 404 1239 rem
426 1191 477 1238 in
506 1191 666 1257 capite
687 1187 956 1240 stationem
979 1187 1258 1254 designarit,
1289 1193 1338 1240 ὃς
1360 1189 1674 1238 famulorum
1698 1187 1870 1242 instar,
1892 1188 1919 1236 a
1938 1188 2055 1236 latess

295 1270 348 1303 re
369 1252 602 1302 incedere
631 1252 834 1311 jufferits
855 1253 1014 1303 visum
1033 1251 1176 1307 vero,
1192 1256 1308 1315 quia
1331 1256 1491 1312 Regem
1512 1253 1722 1313 Senfimm,
1748 1248 1871 1303 teste
1889 1251 2057 1303 Philo-

296 1333 361 1368 ne
376 1351 388 1373 ,
412 1319 464 1366 in
486 1317 657 1371 vultu,
681 1317 836 1367 veluti
863 1318 1015 1381 regali
1033 1317 1178 1370 solio,
1195 1314 1485 1366 sublimarit.

424 1380 624 1433 LEUC:
692 1381 947 1446 'Ingratam
979 1381 1041 1429 de
1069 1381 1245 1429 auditu
1268 1393 1324 1429 tu
1352 1380 1550 1428 auribus
1588 1379 1916 1428 cantilenam:
1964 1391 2060 1428 nec

302 1443 546 1499 deessent,
569 1458 678 1509 quae
698 1456 878 1492 contra
899 1442 1193 1494 sententiam
1223 1455 1327 1491 tam
1348 1443 1629 1498 absolutam
1648 1446 1946 1508 exciperent,
1958 1443 2062 1493 Sta-

305 1511 457 1582 giritae
483 1509 750 1572 praeprimis
784 1507 955 1562 favor,
981 1508 1067 1570 qui
1093 1506 1348 1559 auditum,
1378 1502 1674 1554 testimonio
1703 1507 1935 1571 publico,
1965 1511 2063 1552 Sen-
2125 1518 2127 1520 ·

299 1580 388 1634 jum
414 1572 631 1632 clifizz‘plinae
656 1571 892 1640 appellat:
950 1567 1303 1635 protestaretur
1327 1570 1681 1622 Democritus,
1703 1572 1788 1631 qui
1805 1569 1940 1617 facto
1966 1568 2065 1633 pla-

304 1634 370 1686 ne
392 1635 622 1688 heroico,
636 1634 723 1684 sibi
746 1634 926 1685 oculos
951 1636 1095 1688 eruit,
1118 1650 1237 1683 eum
1260 1635 1311 1682 in
1339 1632 1522 1685 finem,
1547 1644 1601 1680 ut
1620 1633 1868 1696 aptiorem
1889 1632 1936 1680 se
1957 1632 2066 1681 red-

309 1701 449 1749 deret
469 1697 818 1762 Philosophiae.
890 1699 1023 1765 Quia
1046 1709 1234 1751 tamen,
1256 1697 1531 1746 oculorum
1551 1710 1745 1749 amore,
1762 1708 2066 1744 excaecatum

311 1764 412 1822 iam
432 1763 589 1810 sentio
614 1760 944 1825 Philosophiae
964 1760 1208 1815 tribunal,
1232 1759 1294 1810 ad
1313 1760 1548 1809 Ethieum
1569 1759 1814 1823 appellare
1840 1759 2067 1824 compel-

310 1828 408 1876 lor.
510 1825 640 1874 Non
662 1840 760 1888 ego
779 1823 862 1872 hic
893 1826 944 1872 in
963 1824 1194 1874 medium
1218 1822 1425 1871 afferam
1440 1859 1452 1874 ,
1480 1835 1687 1870 centum
1708 1824 1760 1870 in
1783 1823 1941 1872 oculo
1963 1839 2068 1871 ma-

313 1891 472 1941 culas,
497 1887 676 1951 quibus
699 1888 943 1956 gloriosus
964 1885 1094 1940 adeo
1117 1887 1351 1952 splendor
1373 1886 1661 1939 hebetatur,
1682 1884 1716 1934 si
1736 1901 1845 1934 non
1873 1885 2069 1950 penitus

314 1953 633 2002 obscuretur:
671 1967 783 2003 non
811 1951 977 2000 dicam
1000 1985 1013 2005 ,
1042 1964 1148 2000 tam
1181 1949 1276 2000 esse
1303 1950 1566 2003 miserum,
1594 1961 1670 2002 ut,
1694 1947 1814 1997 cum
1845 1948 2071 2013 primum

314 2017 482 2082 aspicit
510 2016 704 2065 lucem,
731 2031 855 2064 mox
885 2013 1170 2067 effundatur
1202 2018 1254 2064 in
1283 2014 1551 2078 lacrymas,
1582 2028 1638 2060 ac
1663 2011 1697 2059 si
1732 2012 2071 2061 calamitatem

316 2080 456 2130 suam
485 2078 582 2143 ipse
602 2077 920 2143 agnosceret,
948 2080 998 2128 &
1020 2078 1325 2142 deploraret:
1360 2092 1471 2126 non
1501 2075 1935 2124 commemorabo
1965 2088 2074 2125 tam

319 2141 414 2192 effe
435 2142 722 2194 delicatum,
739 2154 792 2190 ut
812 2143 982 2204 quavis
1003 2138 1373 2195 festucawcluti
1391 2135 1590 2190 lanceas
1621 2141 1802 2200 quovis
1832 2139 2073 2203 pulviscu-

321 2207 375 2256 lo
390 2239 403 2261 ,
424 2202 672 2268 radioque
695 2204 806 2254 solis
830 2204 1114 2259 intensiore,
1129 2205 1281 2253 veluti
1310 2203 1514 2268 spiculo,
1534 2202 1847 2252 vulneretur:
1884 2215 1989 2251 tam
2010 2203 2074 2251 es:

325 2270 372 2318 se
392 2269 653 2320 timidum,
682 2280 737 2317 ut
763 2268 826 2318 ad
854 2268 1088 2319 umbram
1119 2267 1322 2333 periculi
1350 2265 1625 2315 nistitando
1651 2265 1744 2314 sese
1774 2265 2074 2321 abscondat,

77 2334 308 2396 Vegezius.
335 2346 376 2379 1.
388 2331 554 2392 primnis
585 2349 636 2379 ue
654 2334 888 2381 omnium
906 2335 949 2378 in
973 2344 1114 2393 pugna
1140 2334 1355 2378 vincatur.
1424 2331 1556 2378 Tam
1575 2328 2076 2382 imbellemthalc-

166 2413 211 2445 2.

331 2411 426 2445 nus
454 2409 498 2442 2.
531 2411 564 2443 u
586 2407 659 2444 tra
691 2408 899 2445 centum
922 2394 1241 2447 infirmitates
1264 2404 1551 2446 enumeret,
1578 2392 1759 2455 quibus
1787 2391 2065 2451 subjicitur:

97 2479 127 2509 n
151 2464 285 2507 intro·
337 2472 444 2508 tam
464 2457 682 2518 denique
707 2456 935 2522 fragilem
952 2462 1002 2510 <Sc
1020 2458 1289 2510 caducum²
1304 2469 1358 2505 ut
1373 2458 1612 2506 omnium
1626 2458 1815 2520 primus
1835 2459 1888 2505 in
1905 2468 2076 2506 morte

84 2525 194 2571 dubi.-
232 2521 302 2573 ob·
336 2520 646 2588 languescat,
669 2522 719 2573 &
750 2524 1078 2587 extinguatur.
1171 2521 1560 2587 Haecpraetereo
1585 2519 1780 2578 cuncta,
1799 2535 1910 2571 non
1939 2521 2078 2570 enim
2117 2558 2119 2560 a

80 2587 195 2648 [εντ’.

1867 2596 2011 2650 mens
