2222 2905
95 1020 139 1065 8.
148 1021 260 1063 Pau-

102 1082 167 1127 lus
206 1079 259 1124 ad

99 1144 186 1191 Col.
210 1156 252 1188 2.

104 1588 240 1636 Cicem

110 1667 128 1697 1
144 1687 151 1697 .
168 1666 210 1696 2.
222 1662 261 1708 5.

105 1714 201 1772 Tafi

105 1842 201 1889 Cat.

105 1903 272 1965 Major.

347 79 387 125 ‚4
827 54 1099 122 Mausblaeum
1122 61 1480 124 Peripateticum.

290 159 475 225 partim
499 157 551 207 in
572 155 794 211 veritate,
814 158 997 220 partim
1014 157 1066 205 in
1082 156 1297 206 veritatis
1319 155 1758 220 contemplatione
1774 151 1952 208 statuat
1961 158 2068 210 Sta-

284 224 453 286 girita,
476 217 662 269 merito
686 236 782 284 pro
807 219 1142 285 Philosophiae
1173 215 1357 268 nostrae
1375 216 1477 266 fine
1502 215 1762 269 statuimus
1795 223 1999 268 notitiam
2012 223 2072 269 de
2150 251 2154 255 -

284 284 410 331 rebus
430 282 965 340 nataralibtadfiurrendi
981 319 994 335 ‚
1032 282 1229 336 sedita,
1267 293 1325 330 ut
1349 296 1440 345 pei·
1467 283 1696 331 veritates
1726 295 1940 339 creataS,
1971 286 2068 334 sca-

285 348 389 396 lam
412 348 564 395 veluti
588 342 869 410 mysticam,
885 359 1043 409 quam
1066 346 1194 393 olim
1214 346 1427 393 Pittacus
1446 345 1740 409 Mitylenaeo
1765 349 1962 411 templo
1981 346 2072 397 do·

286 412 486 459 narium
509 443 522 462 ,
559 408 623 456 ad
659 410 942 470 Veritatem
977 410 1289 462 Increatam‚
1323 406 1557 457 ultimam
1590 407 1773 457 scilicet
1810 408 2088 459 beatitudi-'

285 488 436 527 nem,
472 470 664 520 felicius
695 472 1040 520 ascendamus,
1338 473 1343 475 ’

413 535 612 585 LEUC:
645 532 808 601 Qod
844 534 881 583 si
915 531 1053 583 meta
1085 530 1221 584 adeo
1249 529 1418 582 divina
1447 531 1689 598 gloriatur
1716 533 2036 601 Philosophia
2057 568 2071 590 ‚

289 598 412 662 quid
433 597 584 646 causae
608 594 767 645 subest
788 631 801 652 ,
838 594 984 660 quod
1003 599 1054 645 in
1065 598 1298 662 Peripato
1312 599 1552 646 Primates
1568 630 1580 652 ‚
1610 610 1690 645 tot
1713 614 1944 647 errorum
1962 599 2072 649 Au-

287 664 460 711 thores
481 695 494 715 ‚
529 672 608 709 tot
640 660 881 710 scelerum
912 661 1085 710 Duces
1106 694 1122 716 ‚
1155 672 1236 708 tot
1270 660 1537 710 Haeresum>
1574 660 1852 710 Architesti
1875 695 1889 716 ‚
1916 664 1967 713 <Sc
1994 663 2074 711 In-

288 725 553 776 ventores?
591 723 713 786 quid
735 724 886 773 causae
907 720 1093 775 subest,
1163 720 1272 773 uod
1295 723 1358 772 ab
1376 722 1485 789 ipsis
1506 723 1725 773 Ethnicis
1741 758 1753 779 ‚
1776 725 1954 773 infami
1964 721 2074 790 stig-

288 801 443 841 mate,
466 788 615 835 toties
630 787 910 852 proscripti,
935 789 1084 836 toties
1109 739 1171 836 al)
1187 787 1324 838 Urbe
1349 787 1507 844 ejecti,
1522 787 1583 836 ab
1608 787 1712 852 ipso
1733 787 1859 836 orbe
1880 788 2076 845 ejicien-

294 852 372 906 di,
400 850 434 900 si
454 849 621 900 Thule
643 847 821 899 ultima
846 851 1185 900 remotiorem
1215 852 1440 900 invenire
1475 849 1915 901 fuisset‘Thulem?
1951 851 2073 914 quid

291 914 443 964 causae
463 910 622 962 subest
635 947 650 967 7
669 911 815 976 quod
828 913 1227 979 Philosophiam,
1245 911 1510 973 Christizmi
1525 916 1677 962 etiam
1689 913 1898 963 Caesares
1913 947 1925 968 ‚
1938 929 2075 963 nunc

292 973 609 1026 nominarint
631 976 888 1038 Rez'jmblz'cae
909 976 1065 1037 pestem
1087 1010 1101 1033 ‚
1136 992 1277 1026 nunc
1291 979 1536 1037 Regnorum
1547 979 1809 1048 perniciem?
1846 975 2069 1042 quodip-

293 1041 339 1090 sa
353 1039 575 1091 Ecclefiae
603 1041 822 1089 Lumina
845 1074 860 1094 ‚
895 1056 1035 1090 nunc
1063 1041 1205 1090 velut
1229 1041 1447 1098 Haresam
1473 1047 1706 1087 Parentem
1728 1074 1742 1095 ,
1782 1043 1832 1090 <Se
1860 1043 2073 1087 vitiorum

295 1108 504 1152 nutricem
532 1137 544 1158 ,
573 1119 710 1152 nunc
733 1105 871 1153 velut
891 1103 1147 1164 simpliciam
1169 1103 1446 1161 seduc‘iricem
1475 1102 1810 1163 &fallaciarum
1832 1103 2070 1162 artzficem,

294 1169 526 1217 extremis
553 1169 814 1224 convitiis,
849 1164 1172 1232 exagitat-int?
1202 1168 1361 1214 MEL:
1390 1166 1620 1216 dabimus
1651 1167 1865 1221 causam,
1890 1166 2075 1229 absque

289 1231 489 1296 tripode
511 1229 766 1294 Delphico
787 1249 799 1277 :
835 1246 1022 1295 nempe
1043 1229 1230 1279 occidit
1247 1230 1407 1278 littera
1429 1265 1444 1281 ,
1478 1229 1513 1278 fi
1534 1229 1716 1287 insola,
1748 1230 1916 1294 spiritu
1933 1229 1966 1278 si
1981 1232 2073 1278 im-

296 1296 503 1347 buatur,
527 1292 762 1343 vivificat.
842 1295 972 1344 Non
993 1292 1180 1342 feriunt
1199 1292 1579 1357 Philosophiam
1603 1308 1776 1342 veram
1796 1292 1901 1341 haec
1922 1293 2075 1356 spicu-

294 1360 341 1408 la
362 1392 373 1412 ‚
395 1358 476 1406 sed
495 1357 633 1406 illam
649 1390 663 1411 ‚
688 1372 845 1420 quam
869 1353 1154 1420 Apostolus
1177 1371 1284 1404 non
1307 1357 1521 1404 inaniter
1542 1356 1660 1404 dicit
1686 1359 1869 1407 inanem,
1948 1357 2076 1406 Ver-

294 1422 391 1470 bo:
447 1420 481 1469 fi
506 1421 628 1483 quid
651 1422 786 1469 orbis
807 1419 834 1469 a
855 1418 1177 1485 Philosophia
1198 1418 1552 1471 incommodi,
1588 1434 1698 1467 non
1722 1418 2072 1484 Philosophiae,

295 1484 377 1534 sed
396 1483 867 1549 Philosophantium
887 1482 970 1532 hic
1006 1499 1146 1531 error
1171 1482 1279 1531 fuit.
1328 1478 1557 1531 Retulisti
1571 1481 1738 1546 spuriae
1769 1482 1970 1546 probra,
1992 1497 2074 1546 ge-

296 1550 461 1596 nuinae
481 1547 696 1596 referam
714 1562 850 1595 nunc
871 1546 1143 1610 gloriosam
1158 1544 1460 1596 Antithefin.
1529 1546 1718 1594 Primas
1744 1545 1837 1593 hac
1855 1547 1906 1593 in
1925 1560 2074 1609 pane-

300 1613 405 1675 gyri
431 1610 518 1659 fibi
548 1608 734 1659 merito
768 1611 1001 1659 vendicat
1029 1612 1282 1659 Romanae
1314 1608 1614 1671 eloquentiae
1638 1610 1842 1657 Primas.
1941 1609 2076 1658 Huic

300 1673 623 1739 Philosophia
645 1670 714 1721 est
734 1672 937 1719 bonoram
955 1676 1142 1719 Artium
1159 1674 1336 1723 Mater,
1365 1674 1537 1718 cultura
1554 1674 1702 1722 animi,
1719 1673 1985 1732 extirpatrix
2003 1673 2073 1716 vi-

302 1741 490 1791 tiorum,
524 1741 743 1784 virtutum
767 1739 942 1789 natrix,
967 1738 1105 1782 animi
1126 1736 1358 1786 medicina,
1379 1737 1486 1781 vitaz
1510 1736 1625 1787 dax,
1642 1733 1856 1794 Magzstra
1877 1749 2041 1780 moram
2057 1768 2069 1785 ‚

303 1802 515 1862 difesplina
545 1799 648 1847 hene
677 1801 878 1851 vivendi,
915 1801 1151 1846 Inventrz'x
1192 1799 1355 1858 legam,
1387 1800 1573 1844 Scientz‘a
1600 1814 1815 1861 nunquam
1835 1797 1945 1854 fath·
1981 1798 2074 1844 lau-

306 1867 466 1917 danda,
504 1867 573 1910 cui
595 1866 668 1927 qai
688 1875 869 1924 pareat,
908 1880 1028 1909 omne
1056 1872 1220 1922 tempta·
1247 1864 1383 1908 atatis
1407 1861 1529 1923 poffit
1552 1861 1645 1921 fine
1675 1859 1864 1915 molestia
1898 1861 2073 1920 degere:

307 1932 473 1975 Bonum
494 1929 671 1991 denique
684 1963 696 1978 ‚
735 1943 814 1989 qao
840 1925 1068 1987 optabilem
1086 1927 1243 1971 nullum
1256 1960 1271 1976 ‚
1292 1926 1453 1970 nullum·
1463 1924 1723 1985 praestantius
1740 1926 1886 1970 datum
1913 1935 2075 1970 morta-

303 1992 409 2038 lium
426 1993 599 2050 generi,
631 1993 827 2037 Deorum
850 1989 1056 2046 consensa,
1078 2004 1152 2034 nec
1171 1986 1373 2034 dabitur:
1429 1990 1480 2038 ὃς
1504 1982 1624 2051 q'uid
1654 1986 1802 2052 poss'it
1821 1986 1885 2036 ad
1907 1986 2075 2036 Philo-

304 2053 487 2118 sophiae
514 2052 719 2102 laudem
741 2052 839 2101 dici
858 2050 1141 2101 sublimius?
1206 2052 1352 2100 Hanc
1375 2048 1528 2116 ipsam
1549 2065 1658 2099 non
1676 2049 1982 2114 Reipublicae
1993 2065 2075 2115 pe-

302 2114 455 2171 stem,
481 2116 562 2165 sed
582 2118 874 2169 Parentem‚
896 2131 1003 2164 non
1021 2116 1327 2180 Regnorum
1348 2115 1647 2179 perniciem,
1676 2113 1757 2162 sed
1778 2114 2044 2164 Nutricem
2059 2145 2076 2168 ,

305 2192 436 2244 quot
454 2195 582 2244 pene
603 2180 772 2228 litteris
787 2212 798 2234 ‚
821 2191 900 2228 tot
920 2175 1234 2236 testimoniis,
1255 2179 1309 2227 in
1331 2177 1515 2226 orbem
1541 2177 1825 2226 declamant
1846 2188 2079 2227 veterum

304 2255 646 2293 monumenta
668 2261 677 2291 :
725 2238 1107 2306 Trismegistum
1143 2254 1219 2290 ter
1251 2243 1559 2295 maximum,
1581 2243 1697 2303 quia
1718 2242 1942 2305 Regem,
1966 2239 2078 2290 Phi-

303 2306 607 2371 losophum,
632 2309 682 2356 ὅ(
701 2306 1030 2354 Sacerdotem
1046 2339 1058 2360 ‚
1080 2321 1173 2370 pro
1184 2304 1492 2369 Reipublicae
1505 2303 1769 2359 Authore‚
1800 2302 2079 2369 agnoscunt

307 2369 548 2434 AEgyptij:
579 2368 802 2418 Chaldaei
823 2372 872 2418 &
896 2367 1045 2418 Persae
1072 2369 1376 2434 legislatores
1408 2367 1622 2421 adorant
1648 2369 1858 2432 Magos:
1914 2367 2077 2417 Graeci

306 2433 371 2481 ad
394 2434 553 2497 lyram
577 2431 770 2497 Orphei
792 2428 1055 2495 mysticam
1069 2465 1081 2485 ,
1102 2434 1219 2496 quia
1237 2430 1644 2496 Philosophicam
1663 2431 1892 2485 cicurati‚
1914 2431 2075 2479 ferita-

303 2506 415 2546 tem
437 2495 701 2547 barbaram
720 2494 986 2564 deponunt
1008 2513 1018 2547 z
1064 2496 1250 2555 Soloni
1275 2493 1425 2553 fasces
1455 2494 1687 2549 deferunt
1715 2492 2072 2609 Athefiienses2

1903 2568 2008 2607 ace-
