2205 2905
388 120 446 179 38
998 116 1247 183 Diphthera
1276 112 1431 180 Jovt't:

1055 232 1150 281 Abi
1169 233 1322 281 Viator
1337 235 1356 279 !

1008 299 1175 344 Fatalis
1194 298 1307 344 locas
1328 292 1402 351 est,

860 357 951 409 Ubi
966 356 1175 421 fatidicus
1204 359 1390 420 contefflt
1406 358 1542 407 Fatis.

837 427 982 471 Homo
1001 422 1120 483 ficit,
1139 440 1238 470 nam
1253 421 1348 482 fait
1374 424 1571 475 mendax,

675 490 792 537 Utat
810 504 890 535 non
909 487 984 548 mfi
992 487 1123 546 semel
1147 486 1292 546 faerit
1315 490 1358 533 in
1379 488 1479 534 vita
1499 487 1719 537 mentitus.

1055 555 1153 598 Hoc
1172 554 1345 606 mirum,

583 617 705 677 Qod
725 618 769 662 in
791 628 928 663 morte
953 617 1085 662 etiam
1095 614 1237 675 faerit
1260 630 1355 662 cam
1374 615 1567 661 veritate
1585 614 1816 660 mentitus.-

640 682 769 728 Nam
790 681 971 727 mendax
995 677 1170 738 effatum
1184 715 1197 732 ,
1218 695 1372 726 veram
1394 679 1578 725 reddidit
1600 680 1775 730 fatum,

772 744 975 792 Alterius
999 746 1135 795 Fato,
1162 744 1270 807 quod
1294 743 1406 790 male*
1419 742 1638 804 pradixit,

994 811 1109 854 Bene
1128 810 1398 853 immortuus.

1073 871 1306 931 Sepelitor:

867 936 970 983 IVec
984 933 1044 993 sit
1065 937 1131 980 illi
1141 934 1236 992 jam
1263 945 1385 980 terra
1405 933 1528 984 levis,

762 1000 850 1061 Qi
872 1002 1001 1046 toties
1025 997 1338 1058 alijsfaeverat
1359 993 1434 1055 effe
1454 998 1624 1056 gravis.

445 1105 645 1160 LEUC:
712 1101 849 1155 Salse
873 1104 1113 1169 equidem
1142 1102 1302 1153 insulsi
1333 1101 1478 1161 hujus
1509 1100 1688 1153 condis
1720 1099 1959 1158 cadaver,
1981 1116 2083 1153 crea

320 1172 537 1224 diderim
558 1169 874 1237 opobalsami
894 1167 1036 1223 loco,
1060 1184 1125 1218 ne
1146 1167 1415 1233 putrescat:
1461 1167 1673 1216 naulum
1694 1164 1831 1217 certe
1866 1183 1975 1217 non
2005 1181 2087 1231 pe-

316 1251 389 1287 tet
414 1233 690 1288 Charon‚s1
708 1233 811 1283 hoc
835 1232 1196 1297 Chirographo
1220 1232 1461 1285 munitus,
1483 1231 1697 1296 appellet
1714 1231 1938 1296 Stygem.
1982 1229 2083 1280 Sed

319 1301 445 1365 quid
466 1315 587 1350 cum
609 1300 731 1348 Fato
746 1294 1028 1361 Astrologi,
1050 1295 1172 1360 quid
1195 1311 1314 1345 cum
1338 1291 1626 1359 Astrologis
1648 1295 1854 1343 Fatum?
1919 1295 2080 1341 MEL:

317 1365 534 1416 Attilam
552 1362 742 1412 habent
768 1360 1089 1411 affinitatem:
1127 1375 1248 1408 nam
1264 1357 1290 1408 ὲ
1309 1358 1568 1408 Dodhinae
1589 1355 1923 1423 Astrologicae
1940 1357 2089 1422 placi-

315 1431 376 1479 tis
392 1461 405 1483 ,
426 1429 605 1477 Fatum
626 1441 736 1476 non
760 1425 928 1475 modo
950 1425 1074 1479 fluit,
1093 1423 1177 1472 sed
1195 1419 1467 1472 necessario
1489 1422 1731 1485 sequitur:
1767 1421 2020 1472 Patronos
2037 1420 2086 1469 se

315 1492 555 1558 probant,
577 1493 628 1541 δί
648 1487 881 1553 quamvis
900 1489 1057 1539 videri
1078 1487 1294 1540 nollent,
1316 1485 1550 1536 videntur
1572 1497 1745 1535 tamen
1767 1485 1829 1534 ad
1851 1485 2083 1539 oculum,

313 1552 428 1608 imo
451 1568 664 1617 utraque
695 1568 854 1602 manu
879 1553 1158 1618 palpantur.
1259 1550 1383 1600 Edic
1404 1552 1566 1605 enim,
1588 1550 1670 1599 vel
1688 1565 1808 1599 cum
1832 1548 2081 1598 Gentibus

315 1619 565 1669 insaniunt
584 1616 765 1666 Stolidi
779 1650 793 1669 ,
812 1617 937 1665 dum
955 1619 1112 1664 vitam
1131 1613 1383 1663 Sideribus
1407 1613 1650 1666 tribuunt,
1673 1613 1886 1662 fanatica
1906 1612 2080 1661 colen-

315 1683 389 1732 do
410 1683 666 1733 Numina,
688 1694 792 1727 aras
818 1679 1060 1742 erigendo
1090 1676 1377 1731 Mercurijs,
1397 1675 1510 1724 thus
1540 1675 1801 1724 adolendo
1831 1675 2081 1723 Saturnis?

314 1749 369 1797 ὅ(
395 1757 547 1798 tunc,
570 1743 831 1807 despotico
864 1744 1101 1791 Deorum
1134 1741 1354 1804 Imperio
1374 1771 1389 1793 ,
1419 1738 1599 1787 cuncta
1633 1741 1739 1803 regi
1771 1735 2077 1792 existimant,

315 1821 469 1872 atque
491 1822 577 1873 per
602 1805 977 1870 dispositionem
1007 1805 1265 1868 agentium
1289 1802 1657 1857 inevitabilem,
1685 1801 1749 1850 ad
1775 1799 1978 1851 effcCtus
2008 1800 2079 1850 fa-

313 1873 437 1923 tales
451 1905 464 1927 ,
484 1872 601 1934 quia
619 1869 917 1923 infallibiles‚
939 1867 1173 1917 humanis
1200 1866 1347 1915 rebus
1366 1865 1542 1915 Fatum
1563 1864 1827 1918 inducunt,
1842 1865 2078 1928 Augures

315 1949 427 1986 tam
454 1935 603 1985 DEO
632 1932 871 1986 rebelles,
902 1930 1058 1995 quam
1083 1928 1171 1979 fibi
1203 1928 1432 1979 exitiales.
1532 1929 1632 1979 Vel
1653 1945 1774 1978 cum
1805 1927 2080 1978 Chaldaica

313 1999 783 2066 Spermologorum
812 1996 933 2044 faece
962 1994 1174 2044 delirant
1206 1993 1462 2047 Lunatici,
1484 1991 1608 2042 dum
1640 1989 1799 2042 Astris
1830 1992 2077 2041 influxum

313 2062 604 2121 adjudicant
633 2059 1017 2127 propemodum
1046 2056 1488 2120 thavmaturgum,
1510 2071 1617 2119 quo
1643 2058 1693 2104 in
1723 2055 2003 2104 sublunaria
2029 2071 2078 2104 a-

314 2138 437 2193 gant
461 2138 568 2175 tam
596 2124 822 2178 fortiter,
841 2135 896 2172 ut
919 2123 982 2172 ab
1002 2133 1179 2187 agente
1203 2119 1509 2185 particulari,
1531 2121 1685 2168 ctiam
1712 2119 1902 2174 libero,
1921 2121 2079 2183 impe-

315 2192 408 2241 diri
427 2189 709 2240 nullatenus
729 2188 944 2250 queant?
980 2189 1029 2236 ὅ(
1051 2198 1174 2234 tunc
1198 2189 1251 2236 in
1278 2179 1542 2233 necessaria
1567 2181 1840 2232 effestuum
1859 2182 1976 2232 serie
1994 2185 2078 2233 Fa-

314 2266 430 2304 tum
450 2252 624 2302 denuo
649 2248 890 2305 astruunt,
913 2260 1183 2314 nugatores
1204 2262 1312 2298 non
1337 2246 1504 2296 minus
1522 2247 1659 2310 impij
1682 2248 1734 2295 in
1755 2247 2075 2301 Creatorem,

315 2316 476 2380 quam
493 2317 653 2374 injurii
678 2317 731 2364 in
756 2327 1019 2364 creaturas.
1120 2312 1221 2364 Vel
1253 2326 1374 2361 eum
1394 2311 1646 2360 Haeretico
1673 2310 1891 2364 furfure,
1925 2306 2076 2359 Astra

312 2380 507 2431 faciunt
535 2379 669 2443 figna
692 2390 971 2428 eventuum
1005 2376 1299 2442 futurorum
1330 2371 1676 2440 prognostica,
1697 2376 1749 2423 in
1771 2373 1969 2437 quibus,
1990 2389 2071 2423 ve-

318 2445 411 2496 luti
432 2444 672 2494 Numinis
690 2441 1042 2492 incomutabili
1065 2438 1362 2505 Diphthera,
1389 2438 1555 2503 legere
1573 2437 1630 2486 sit
1650 2437 1976 2487 decretorum
1993 2453 2072 2487 or-

319 2508 519 2561 dinem,
538 2502 761 2556 absolute
781 2504 1202 2571 inimpedibilem:
1239 2504 1290 2550 in
1319 2501 1500 2565 quibus
1530 2501 1701 2550 videre
1722 2500 1780 2551 sit
1807 2513 1980 2556 notas,
2000 2516 2073 2549 re-

320 2586 435 2626 rum
465 2571 705 2626 omnium
734 2568 950 2625 indices,
971 2583 1059 2637 per
1088 2582 1210 2632 quas
1241 2565 1468 2621 facienda
1495 2564 1719 2634 praedici‚
1742 2568 1794 2619 &
1818 2579 2071 2679 Pfffmqn‘

1913 2642 2041 2679 κατιῚ
