2177 2905
388 88 482 146 256
934 87 1089 149 Hydra
1108 85 1236 141 nostri
1262 86 1497 150 Temporis.

319 182 448 235 radit
473 179 748 245 dogmata,
777 178 958 242 quibus
990 192 1287 245 corruptum
1308 181 1492 245 saginet
1522 176 1846 230 stomachum
1867 178 2077 239 Helluo‚

316 261 428 299 non
449 244 576 301 alijs‚
601 242 757 306 quarn
776 240 908 292 hisce
921 242 1214 293 foetentibus
1237 245 1415 308 Augiae
1439 245 1615 309 dignus
1633 242 1871 309 cupediis.
1957 246 2075 297 Gal-

316 309 536 359 linaceus
556 340 570 362 ‚
606 307 642 357 fi
661 306 809 356 famae
829 305 951 355 fides
977 304 1046 355 est
1065 340 1078 361 ‚
1113 320 1216 356 tam
1237 319 1540 356 venenatam
1565 313 1742 371 coquit
1763 321 1820 356 ex
1841 321 2078 374 corrupta

316 371 602 422 humorum
626 370 846 419 colluvie
874 368 1098 423 massam,
1124 382 1178 419 ut
1195 384 1334 419 aetate
1369 370 1656 434 proveetior
1690 387 1854 421 ovum
1889 372 2078 422 dicatur

318 434 599 487 excludere,
614 429 760 496 equo
772 431 881 481 fimi
905 433 1153 483 caloribus
1183 434 1396 482 cxcosto
1409 469 1421 485 ‚
1436 433 1642 482 tandem
1656 434 1901 484 Basiliscus
1915 451 2079 484 erum-

318 510 431 566 pat,
463 494 752 545 monstrum
776 494 1023 545 venenata
1048 497 1130 545 lue
1161 493 1739 562 pestiferum‚&integris
1755 498 1809 547 sae
1849 500 2076 563 eRegnis

318 559 692 628 perniciosum..
743 559 1035 617 jansenium
1054 559 1087 608 fi
1104 559 1285 624 schtes
1305 593 1318 615 ,
1348 559 1507 625 magis
1529 562 1807 611 exitialemi·
1834 562 2004 626 upebis
2022 565 2075 611 in

318 620 556 675 monstro
578 622 985 672 foecunditatem.
1052 626 1186 673 Tam
1205 636 1506 674 venenatam
1540 627 1724 689 quippe
1753 640 1810 673 ex
1830 627 2077 688 corruptis

320 688 564 739 doetrinae
594 686 819 735 sordibus
857 684 1099 750 congessit
1123 687 1398 737 colluviem
1420 720 1434 741 ,
1462 699 1517 736 ut
1558 688 1848 736 canescente
1884 688 1983 744 jam
2013 689 2079 735 se-

321 753 413 802 nio
439 750 463 808 (
483 763 631 799 tantae
651 750 801 799 molis
819 761 921 798 erat
940 752 1180 814 parturire
1203 746 1488 799 monstrum
1505 784 1518 804 ‚
1545 750 1696 799 Orbis
1714 746 1979 798 Christiani
2001 765 2079 798 ex-

322 815 460 877 cidio
483 810 846 869 destinatum!)
877 828 1041 862 ovum
1069 812 1299 862 effuderit
1321 844 1334 865 ,
1363 827 1420 858 ex
1445 827 1552 873 quo
1574 826 1684 859 non
1705 825 1844 859 error
1868 815 2079 876 particu-

321 879 459 932 laris,
489 877 571 926 sed
594 878 847 939 quinque3
881 891 938 923 ex
958 878 1181 936 quinque
1204 889 1327 921 mox
1342 871 1636 936 plus‚quam
1660 886 1867 923 centum
1880 873 2080 939 prodie-

321 957 377 992 re
397 941 597 990 haereses
612 973 625 994 ‚
651 939 789 988 velut
811 936 1030 996 totidem
1048 936 1277 990 Basilisci,
1301 933 1506 986 veneno
1529 933 1889 1001 pestilentiores
1916 971 1930 992 ‚
1965 940 2081 1000 quia

321 1005 498 1055 furunt
512 1005 565 1050 in
586 1005 784 1051 animos
807 1017 821 1051 3
857 999 1074 1049 horrore
1089 1001 1394 1049 crudeliores
1411 1031 1424 1054 ‚
1437 1001 1555 1062 quia
1572 1001 1668 1049 toti
1681 997 1967 1050 Christiano
1983 1002 2080 1050 Or·

323 1069 377 1118 bi
402 1068 541 1116 luem
569 1064 862 1114 minitantur
884 1063 1246 1127 contagiosam.
1315 1064 1550 1114 Revolve
1573 1078 1778 1112 mecum
1795 1097 1807 1118 ,
1833 1062 2080 1126 siquidem

245 1145 248 1148 ⁴
323 1130 427 1181 sine
457 1130 674 1178 horrore
713 1139 884 1192 potes,
915 1128 1125 1176 revolve
1154 1124 1415 1176 tristissima
1439 1139 1701 1191 tempora,
1730 1126 1910 1188 quibus
1939 1127 2077 1177 suam

321 1190 514 1244 traxere
533 1193 784 1256 originem
805 1188 1023 1244 haereses,
1037 1192 1086 1241 ὅ(
1108 1190 1299 1240 videbis
1315 1192 1437 1240 Orci
1459 1189 1665 1238 solenne
1684 1189 1830 1254 prodi
1868 1193 1998 1244 ium,
2024 1203 2078 1241 ut

323 1256 470 1322 quod
490 1271 577 1321 per
599 1254 938 1319 Pythagoram
957 1253 1097 1302 finxit
1120 1252 1344 1303 fabulosa
1358 1254 1646 1316 Antiquitas
1660 1285 1673 1308 ‚
1692 1252 1744 1301 id
1764 1254 1819 1302 in
1876 1253 2080 1303 aeresum

322 1317 745 1385 metempsychosi
776 1332 958 1368 verum
987 1316 1206 1367 effecerit
1239 1313 1570 1383 praestigiatrix
1596 1318 1840 1382 impietas.
1925 1316 2079 1366 Vide-

326 1385 400 1436 bis
414 1417 428 1439 ,
452 1399 537 1433 me
558 1383 868 1432 luculentam
896 1381 1132 1439 Jansenio
1152 1380 1339 1430 inferre
1359 1381 1667 1430 calumniam
1681 1413 1694 1434 ‚
1729 1379 1854 1429 dum
1868 1379 1968 1437 ejus
1981 1379 2077 1429 hae-

327 1446 453 1498 resin
474 1447 674 1512 appello
696 1446 1152 1509 novitiam,utpote
1182 1459 1292 1507 quae
1316 1445 1415 1500 jam
1435 1445 1605 1509 primis
1628 1443 1944 1508 temporibus
1964 1459 2080 1508 pro-

325 1509 848 1565 feffa‚conclusionem
870 1507 1007 1557 suam
1021 1508 1142 1557 vidit
1161 1508 1222 1557 ab
1237 1508 1362 1556 orbe
1374 1507 1648 1557 Catholico
1673 1508 2072 1556 exterminatam.

327 1574 635 1627 Doe'trinam
664 1573 1034 1636 excogitaverat
1055 1605 1068 1625 ‚
1101 1571 1372 1637 foequndus
1401 1570 1484 1619 ille
1504 1572 1877 1620 Haercticorum
1900 1571 2080 1620 Proto·

330 1640 512 1689 Parens
530 1638 712 1685 Simon
731 1637 913 1699 Magus
928 1650 1024 1688 ‚nex
1042 1635 1270 1699 quaduo
1291 1635 1419 1682 illius
1444 1634 1653 1683 Affeclae
1675 1649 1799 1682 mox
1820 1635 1973 1683 varias
1996 1632 2080 1680 de-

333 1697 520 1751 duxere
551 1696 808 1762 praemissas
836 1729 849 1751 ‚
885 1697 1077 1758 quibus'
1096 1699 1229 1744 ceras
1265 1696 1356 1744 suae
1381 1697 1582 1758 originis
1618 1695 1805 1743 debent
1829 1693 2082 1758 praemiffae

330 1763 562 1825 Jansenij.
628 1761 772 1814 Dixi,
795 1756 939 1822 quod
959 1760 1057 1816 jam
1078 1760 1145 1807 ibi
1168 1759 1478 1823 proclamata
1502 1757 1558 1806 sit
1580 1760 1739 1804 Gratia
1772 1756 1936 1804 vistrix
1956 1773 2078 1806 cum

332 1829 642 1878 detrimento
665 1823 923 1872 libertatis:
962 1825 1012 1872 ὅς
1027 1824 1168 1870 ecce!
1190 1821 1482 1885 praemissam
1495 1822 1523 1877 J
1527 1819 1705 1876 ansenij
1729 1822 1954 1882 impiam,
1967 1836 2078 1883 quae

333 1892 434 1951 jam
454 1903 566 1938 tum
588 1884 848 1953 pessimam
872 1881 983 1949 post
1001 1884 1046 1933 se
1063 1896 1275 1933 traxerat
1302 1881 1704 1932 conclusionem.
1784 1884 2079 1932 Crocitave-

332 1966 408 2006 rat
427 1954 576 2006 alter,
603 1965 758 2013 quem
770 1948 1072 1998 Cerinthum
1101 1945 1315 1996 historiae
1344 1947 1639 1999 nominant,
1659 1947 1835 2010 ingens
1858 1944 1885 1994 a
1907 1946 1974 1995 D.
1991 1947 2078 1995 Pe-

333 2031 416 2067 tro
435 2014 759 2066 commissum
780 2011 1041 2078 flagitium,
1056 2008 1200 2074 quod
1222 2009 1286 2059 ad
1299 2010 1486 2059 Gentes
1503 2008 1832 2058 descenderit:
1868 2024 1947 2054 non
1967 2011 2078 2056 enim

337 2079 544 2132 Christum
558 2090 638 2139 pro
663 2073 854 2123 omnibus
872 2078 1005 2121 etiam
1028 2058 1275 2133 Jnfidelibus
1301 2084 1534 2121 mortuum.
1599 2073 1699 2121 En!
1728 2072 2079 2136 particularem

333 2142 545 2206 jansenii
559 2174 573 2196 ‚
591 2156 650 2189 ex
672 2154 773 2203 qua
795 2136 1054 2188 conclusio
1077 2137 1294 2201 sequitur
1313 2135 1645 2185 universaliter
1665 2135 1780 2184 falsa
1793 2167 1808 2188 ‚
1823 2136 1976 2199 impia
1989 2167 2001 2189 ‚
2028 2138 2080 2186 &

333 2203 632 2258 scandalosa.
698 2202 797 2253 Sed
819 2202 941 2266 quid
962 2217 1061 2265 ego
1075 2203 1126 2250 in
1147 2200 1426 2265 particulari
1443 2213 1528 2247 me
1548 2213 1716 2247 errore
1740 2197 1974 2247 detineo?
2009 2198 2078 2247 di-

336 2273 382 2320 xi
413 2268 657 2318 universas
689 2265 1073 2331 propemodum
1101 2264 1301 2314 liaercses
1330 2265 1380 2312 in
1402 2263 1449 2312 se
1472 2263 1737 2311 continent
1761 2261 2078 2325 particulares

335 2331 563 2394 Jansenij.
644 2330 785 2395 Qid
808 2331 972 2378 enim?
1007 2328 1240 2378 Simones
1274 2327 1449 2389 scimus
1479 2321 1631 2391 impie
1662 2324 1905 2374 Divinam
1928 2324 2078 2374 licita-

336 2410 419 2445 tos
442 2396 693 2444 Gratiam:
730 2391 1016 2451 jansenium
1041 2392 1266 2441 videmus
1287 2405 1380 2455 pro
1411 2389 1582 2439 Gratia
1604 2389 1818 2437 liberum
1837 2386 2078 2437 vendidill

336 2459 383 2510 se
406 2459 662 2508 arbitrium
678 2489 692 2510 ‚
715 2456 1110 2505 nundinatorem
1139 2453 1298 2521 magis
1328 2449 1612 2506 scelestum,
1634 2454 1750 2514 quia
1772 2454 1823 2501 δε
1845 2451 2011 2505 DEO,
2027 2453 2078 2503 ὅ(

334 2522 551 2576 libertati
569 2519 801 2572 liumanae
821 2519 1074 2576 injurium.
1175 2519 1331 2572 Arios
1352 2519 1405 2568 iti
1431 2518 1682 2569 Divinum
1702 2513 2074 2629 Filiumsscimus

1898 2591 2012 2627 acri·
2041 2610 2042 2614 ,
