2177 2905
218 123 221 125 ,
329 132 333 133 ⁷
709 76 960 142 Diph'thera
985 77 1137 146 qutls.
1199 126 1217 131 „
1369 94 1376 97 “
1698 86 1768 139 49

39 165 534 232 be,suaAntiq-uitate
553 165 883 220 arthriticum,
897 165 1290 234 podagricumq3
1319 168 1421 221 hoc
1435 171 1822 235 argumentum?

41 232 414 298 Genealogiam
431 233 546 282 artis
567 230 658 281 suae
678 231 713 280 fi
734 236 914 297 petunt
938 265 957 287 -,
992 232 1160 288 dicam
1181 266 1194 287 ‚
1237 235 1358 283 mali
1379 238 1522 284 corvi
1554 233 1820 300 pessitnum
1915 279 1924 291 ,

42 296 236 347 ovum}
271 311 392 346 nam
408 295 928 360 ImpiorumSoboles
948 291 1018 344 est
1039 309 1311 360 parentum
1326 330 1340 352 ,
1360 295 1698 362 superstitiosis
1715 298 1822 348 fota
1860 276 2072 326 Athama-

42 361 208 414 cunis‚
245 360 297 408 in
318 359 476 408 Lunae
499 372 736 408 concavo
756 361 970 414 nutrita,
987 361 1119 408 :inter
1147 359 1345 409 fraudes
1366 363 1534 410 adulta
1561 396 1573 416 ,
1620 362 1820 410 nullum
1854 359 1958 396 aar,

41 423 278 473 hastenus
295 422 579 472 Patronum
605 420 808 476 habu-it,
840 422 909 471 ad
933 423 1071 480 cujus
1092 438 1292 472 nomen
1307 424 1386 473 vel
1404 422 1613 475 modice
1630 426 1819 488 pileum
1853 408 2028 491 M‘Jterss
2094 433 2101 436 ’

41 494 272 542 moveas,
341 485 428 534 -In
453 483 887 540 obserw'adonibus
901 484 1029 540 suis,
1061 501 1189 550 quas
1212 499 1417 550 crepant
1443 522 1457 543 ,
1508 488 1560 536 id
1581 487 1815 542 observa,
1852 485 1943 517 nm·

40 543 390 612 Astrologicas
411 546 506 596 esse
524 580 544 602 ,
565 545 672 597 *hoc
691 544 790 602 est,
818 548 1108 598 mendaces,
1211 551 1310 601 Vel
1335 553 1471 600 enim
1500 550 1816 617 aphorismos

38 611 311 664 Ptolomaei
326 611 511 661 colunt
523 643 536 666 ‚
554 610 695 668 cujus
718 612 984 660 excentrici
1000 612 1218 670 Veneris
1231 646 1245 668 ,
1264 615 1504 671 Mercurii
1521 648 1534 669 ,
1571 618 1621 666 &
1640 616 1816 666 Martis

40 674 211 724 circuli
230 673 428 724 dudum
451 673 678 739 expunffi
699 673 810 723 sunt
832 675 854 723 ’ἒ
900 686 951 723 at
965 673 1034 723 ab
1055 675 1147 723 illis
1170 675 1390 726 fiderum
1408 682 1460 727 in
1483 677 1813 728 firmamento

42 737 155 798 situs
176 737 276 794 jam
296 736 625 787 vehementer
649 737 842 786 abludit
859 771 873 793 ‚
913 749 1233 802 utpoteg-quae
1248 773 1261 793 ,
1289 740 1486 804 singulis
1505 743 1706 793 interim
1729 742 1813 792 an-

44 804 144 855 nis,
166 802 298 858 juxta
317 800 580 865 Tychonis
606 800 863 851 calculum
886 835 905 856 -,
939 816 1029 866 per
1048 801 1291 857 secunda,
1313 803 1370 859 ut
1391 802 1701 855 Astronomi
1723 820 1814 855 vo-

43 877 187 918 cant,
206 864 584 926 quinquaginta,
609 867 660 913 <Sc
693 880 859 913 unum
880 863 1134 929 progressa
1151 866 1264 914 sunt
1290 884 1301 914 :
1381 868 1462 917 vel
1489 883 1658 917 novos
1680 865 1814 917 forte

44 921 454 999 prognosticandi
475 941 696 975 canones
713 925 912 990 ipsimet
928 927 1126 976 cudunt
1151 929 1168 978 ἒ
1211 940 1262 978 at
1284 930 1405 980 tales
1427 929 1455 979 ὲ
1473 943 1704 987 veterum
1723 931 1815 980 ob-

43 991 385 1040 iervationum
402 990 612 1038 veritate
630 1001 740 1038 tam
752 1004 935 1052 parum
950 989 1155 1040 roboris
1166 991 1373 1057 possunt
1384 993 1632 1060 accipere,
1649 1010 1707 1043 ac
1728 993 1815 1043 he-

46 1051 217 1103 sternae
237 1052 334 1100 diei
360 1051 444 1100 lux
462 1049 731 1101 hodiernas
752 1051 982 1102 tenebras
1001 1050 1257 1104 illustrare.
1382 1058 1475 1108 Nil
1505 1060 1651 1123 igitur
1669 1072 1813 1111 com-

45 1115 261 1167 modare
278 1115 369 1163 illis
386 1110 551 1180 potest
573 1115 885 1177 Antiquitas,
907 1115 997 1164 nifi
1016 1117 1134 1166 vitia
1144 1117 1419 1169 senestutis.

174 1178 372 1229 LEUC:
437 1178 682 1227 Necdum
704 1175 985 1227 debellasti:
1021 1194 1218 1230 novam
1233 1184 1401 1235 ¹aciem
1423 1181 1616 1236 instruit
1631 1180 1810 1237 Astro-

47 1244 243 1309 logicus
263 1240 406 1292 Atlas
423 1273 437 1296 ‚
460 1236 680 1291 &instar
701 1241 965 1308 Virgiliani
991 1242 1119 1292 illius
1143 1246 1298 1294 Tauri

900 1302 1139 1369 Ventrisque
1166 1307 1324 1370 laceffit

329 1366 520 1419 milyas,
549 1369 606 1416 (θ’
616 1365 762 1430 sparsa&¹
785 1379 973 1428 pugnam
983 1370 1179 1429 proludit
1196 1370 1344 1420 arend.

50 1429 201 1485 Astra
221 1431 502 1498 praetendit,
530 1427 908 1493 Astrorumque
937 1433 1235 1489 concursus,
1257 1433 1291 1483 fi
1321 1450 1433 1486 non
1463 1436 1652 1493 causas,
1673 1436 1809 1503 signa

50 1498 223 1547 saltem
250 1493 342 1544 effe
369 1493 693 1543 ab·Auth0re
720 1495 870 1544 DEO
893 1493 958 1544 fic
988 1492 1236 1551 instituta,
1262 1510 1319 1547 ut
1350 1498 1485 1562 quafi
1515 1501 1831 1557 futurorum„

48 1562 309 1612 Praecones
341 1558 548 1622 linguae,
571 1569 659 1606 aut
686 1560 854 1606 arcani
882 1558 1071 1616 consilii
1100 1560 1288 1609 indices
1315 1561 1473 1614 faces,
1497 1563 1665 1614 futura
1689 1565 1809 1615 scin-

49 1622 317 1673 tillantibus
336 1622 490 1670 veluti
512 1620 674 1670 verbis
696 1622 1042 1686 promulgent.
1142 1625 1411 1689 Origincm
1430 1625 1537 1676 haec
1551 1629 1809 1678 Sententia

49 1686 114 1750 ab
133 1687 355 1749 Origene
374 1681 578 1737 traxisse,
593 1683 751 1734 videri
782 1684 944 1749 posset
971 1704 981 1734 :
1018 1684 1123 1737 hoc
1151 1689 1290 1737 enim
1319 1685 1488 1755 aperte
1510 1694 1548 1740 is
1575 1691 1810 1742 scholion

47 1753 100 1800 in
121 1748 273 1799 verba
302 1746 581 1797 Geneseos:
618 1749 674 1795 (φ
696 1761 822 1795 erunt
838 1751 883 1794 in
897 1748 1044 1809 figna:
1081 1752 1162 1800 cui
1182 1767 1291 1801 non
1309 1754 1477 1803 minus
1502 1757 1702 1806 insuave
1723 1755 1807 1805 ad·
1841 1758 1897 1802 In
1908 1753 2051 1808 Tomis

47 1813 133 1862 dit·
150 1813 307 1870 Julius
334 1812 534 1861 Sit-enus
556 1812 608 1858 in
631 1810 758 1860 Isaiae
792 1816 1085 1875 augurium:
1123 1815 1518 1875 complicabuntur,
1534 1818 1647 1876 ficut
1673 1817 1799 1874 liber,
1828 1819 1957 1880 super

51 1877 172 1929 Coeli,
195 1876 246 1923 in
275 1889 380 1936 quo
405 1870 706 1936 Astrosophi
726 1886 965 1929 ventura,
988 1888 1169 1940 utpote
1198 1878 1329 1926 folio
1342 1893 1487 1933 ‘nunc
1513 1893 1731 1944 patente,
1755 1884 1806 1933 ὅ(
1838 1886 1946 1930 Gen.

50 1940 241 2003 legant,
269 1941 317 1986 &
336 1935 460 1984 lesta
487 1938 799 1983 annuntient.
899 1939 1074 1986 Taceo
1094 1937 1307 1994 Itidem,
1327 1943 1379 1990 &
1400 1942 1649 1993 Cometas
1664 1978 1676 2000 ,
1697 1947 1805 2008 qui-

52 2002 143 2051 bus
171 2001 324 2050 veluti
354 1997 571 2048 totidem
602 1994 827 2054 testibus,
848 1998 1007 2049 thesin
1033 2000 1173 2051 suam
1199 2005 1351 2053 etiam
1380 2005 1444 2053 ad
1475 2007 1688 2057 oculum
1722 2009 1804 2059 de-

2 2092 7 2094 -
52 2061 386 2114 monstratam
417 2061 659 2121 iastitant,
691 2065 741 2113 ὅ(
774 2063 1068 2127 gloriantur.
1106 2067 1303 2113 '‘MEL:
1388 2068 1681 2121 Gloriantur
1706 2086 1804 2138 pro

52 2141 230 2180 more,
251 2126 486 2175 inaniter:
520 2140 640 2175 nam
659 2125 879 2190 operosae
902 2125 978 2176 hae
1010 2126 1256 2178 machinae
1287 2127 1386 2181 una
1417 2148 1538 2184 cum
1572 2136 1800 2200 reliquis,

52 2205 164 2240 non
189 2187 277 2238 nist
294 2190 525 2237 inaerem
543 2200 825 2238 armantur:
862 2190 1111 2247 ejusmodi
1129 2195 1416 2245 notationes
1439 2198 1492 2245 in
1518 2210 1702 2255 textus,
1727 2215 1804 2250 ce-

52 2254 206 2304 rebro
230 2266 340 2301 non
361 2253 548 2315 semper
567 2250 689 2301 sano
709 2253 964 2308 excostas‚
985 2251 1198 2305 minime
1231 2272 1438 2307 moror:
1486 2262 1578 2310 Ori
1614 2265 1696 2312 eni
1717 2262 1802 2314 hic

52 2311 299 2381 praecipue
312 2346 326 2368 ,
346 2313 460 2364 thus
477 2329 587 2363 non
604 2315 790 2366 adoleo
805 2349 818 2370 ,
837 2316 1004 2366 minus
1021 2318 1216 2369 Sirene.
1294 2319 1519 2379 Justinos
1601 2339 1800 2391 artyres,

52 2382 418 2442 Hieronymos,
437 2377 526 2427 An
562 2378 963 2443 elicos,Lyranos
982 2382 1115 2430 Inter
1151 2395 1279 2432 retes
1298 2400 1539 2437 veneror:
1575 2403 1802 2452 quorum

50 2445 216 2493 ultimi
229 2456 363 2505 vagae
386 2440 514 2498 Chal
554 2456 746 2492 aeorum
775 2443 955 2496 Soboli
977 2443 1078 2494 hoc
1123 2446 1295 2498 ulmen
1313 2449 1632 2514 intorquent:
1661 2469 1801 2503 com-

55 2504 316 2571 plicandos
340 2507 391 2556 in
417 2505 621 2570 epilogo
638 2505 830 2570 ⁸Coelos
844 2540 860 2568 ,
882 2507 1037 2623 vagati
1067 2508 1277 2570 librum,
1296 2509 1584 2581 Astrologis
1611 2519 1807 2582 praepti.

0 2606 3 2608 ,
160 2616 163 2618 ,
1650 2593 1745 2630 mis
