2160 2916
580 77 712 150 &ylla
740 89 870 153 atque
897 70 1138 149 chambot&
1667 97 1735 145 99

173 182 330 234 MEL:
405 174 691 245 Affequeris
718 180 1019 232 Authorum
1044 189 1274 231 mentem
1295 213 1309 236 ‚
1339 180 1427 244 qui
1460 176 1574 246 post
1602 190 1798 229 murtos
1829 206 1959 269 μὴτὸ,

48 246 114 301 de
133 245 264 297 sono
291 245 565 300 clamores,
587 247 746 295 ravim
771 243 894 294 dum
913 244 1151 299 sentiunt,
1171 255 1342 292 tamen
1367 244 1675 293 diffentiunt:
1710 241 1792 292 ha³
1944 244 1955 258 '

47 311 228 360 bemus
260 308 468 362 Hercle,
491 323 580 357 cur
605 310 848 358 miremur
878 309 1157 364 Naturam,
1178 320 1336 369 quam
1366 308 1516 355 etiam
1544 322 1633 370 per
1653 321 1764 355 aure

46 374 348 436 loquentem
375 385 486 419 non
504 371 826 434 intelligimus
839 403 852 423 ‚
873 364 1134 432 oculisque
1152 369 1305 419 visam
1324 384 1433 418 non
1458 381 1789 433 penetramus,

45 437 211 499 Pergo
231 435 295 484 ad
313 434 432 488 alia,-
455 447 565 496 quae
594 434 803 482 oculum
829 433 1157 486 comendam,
1175 431 1417 497 prodigia.
1488 432 1620 481 Vide
1641 446 1796 494 quan-

45 510 99 547 ta
119 499 245 546 illius
267 497 510 546 celeritas!
546 507 823 544 momento
843 495 905 543 ad
918 496 1127 544 Coelum
1149 496 1613 548 evolat,momento
1635 495 1795 544 solem

45 563 100 611 ἀ
119 557 276 609 stellas
291 556 486 614 lustrat,
510 571 786 608 momento
805 557 850 605 se
862 558 1074 607 Coelum
1092 556 1303 606 insinuat
1317 590 1330 612 ‚
1349 572 1445 605 nec
1470 558 1682 606 oculum
1704 559 1795 606 im-

45 623 174 688 plet:
209 621 459 671 mirabiles
489 621 599 671 sunt
617 621 892 671 Coelorum
927 633 1128 674 motus,
1159 620 1240 669 sed
1271 618 1497 670 velocius
1529 635 1638 668 non
1674 632 1795 669 eunt

44 684 196 734 orbes
214 681 466 737 coelestes,
486 682 717 747 quamvis
740 683 1062 747 impellantur
1089 682 1151 731 ab
1178 683 1414 747 Angelis:
1450 683 1716 747 impellunt
1746 682 1794 731 se

38 747 174 813 ,ipsos
193 749 348 802 oculi,
368 750 418 799 ὃ(
435 743 605 797 sistunt
625 748 696 801 se,
725 745 828 795 hoc
846 746 1080 794 libertatis
1108 741 1178 794 est
1203 746 1519 810 privilegium
1532 778 1544 799 ‚
1564 742 1726 793 sistere
1747 745 1795 794 se

46 809 188 875 posse
223 813 274 861 <Sc
309 825 550 864 movere,
584 810 803 873 gaudent
836 809 1064 857 libertate
1101 810 1273 863 oculi,
1312 823 1411 870 qua
1438 822 1607 856 carent
1634 809 1789 858 Coeli.

45 872 228 938 Aperit
252 873 345 922 sese
368 874 572 927 oculus,
596 876 646 922 ὅ(
667 872 857 921 arboris
883 872 1128 920 umbrosae
1160 871 1373 935 speciem
1394 873 1566 936 recipit
1593 872 1794 936 impres-

44 935 174 989 sam,
195 950 417 998 quaeum
435 937 603 984 anima
620 950 743 983 mox
765 934 999 999 producit
1011 933 1298 999 expressam,
1312 948 1469 996 quam
1490 934 1702 983 dicimus
1723 937 1791 984 vi·

45 996 259 1046 sionem.
328 999 450 1047 Haec
466 998 655 1046 arboris
677 997 818 1051 visio,
842 1012 928 1061 per
947 1012 1132 1047 nervos
1155 998 1354 1062 opticos
1368 1030 1381 1052 ,
1403 997 1466 1045 ad
1487 996 1639 1060 usque
1658 1011 1791 1045 cere-

45 1060 197 1109 brum
219 1073 462 1125 propagat
480 1061 691 1125 speciem
712 1061 997 1123 impressam
1019 1059 1104 1113 lui,
1124 1057 1377 1124 organoq3
1406 1057 1569 1109 sensus
1591 1062 1790 1115 interni,

43 1122 146 1172 five
163 1123 372 1172 cerebro
395 1125 660 1187 imprimit:
681 1122 785 1171 haec
803 1121 943 1171 subin
956 1123 1134 1187 species
1148 1122 1247 1171 una
1259 1138 1377 1171 cum
1400 1125 1566 1171 anima
1583 1123 1789 1177 cerebri,

43 1184 280 1250 producit
302 1185 516 1250 speciem
531 1186 686 1234 raham
704 1184 920 1238 visionis,
941 1180 1184 1246 arborisq3
1210 1185 1315 1234 visae
1337 1184 1791 1249 expreffam,quam

40 1250 411 1311 cognitionem,
431 1248 740 1312 phantasma,
758 1248 1023 1312 appellant.
1069 1248 1167 1296 Sed
1188 1247 1410 1296 necdum
1433 1246 1568 1296 satis:
1589 1247 1792 1312 phanta-

43 1309 168 1365 sma,
191 1310 276 1359 ubi
303 1308 472 1360 anima
499 1311 735 1367 adjutrice
750 1342 762 1364 ,
784 1314 837 1359 in
853 1309 1073 1359 senfitiva
1102 1312 1356 1358 memoria
1371 1342 1384 1364 ,
1402 1311 1600 1373 reliquit
1624 1311 1794 1360 ideam

44 1372 141 1426 sui,
162 1387 318 1436 quarn
336 1384 550 1423 vocant,
572 1374 1019 1422 rememorativam
1046 1372 1375 1425 materialem,
1395 1372 1489 1421 sese
1507 1388 1626 1422 cum
1655 1375 1796 1423 intel-

42 1435 175 1484 leetu
201 1436 358 1498 jungit
387 1433 625 1499 possibili,
651 1433 907 1497 ipsamque
933 1447 1137 1498 generat
1159 1435 1555 1484 intellectionem
1586 1436 1794 1487 umbro-

45 1497 102 1546 sae
124 1497 328 1546 arboris.
438 1496 743 1550 Intelleffio,
773 1494 1043 1561 postquam
1068 1512 1185 1546 cum
1226 1499 1395 1546 anima
1424 1499 1661 1562 produxit
1693 1499 1795 1564 spe-

41 1562 175 1609 ciem
200 1561 647 1609 rememorativam
671 1560 741 1608 sui
763 1561 1087 1624 spiritualem,
1113 1560 1300 1624 partiali
1332 1562 1512 1609 virtute
1540 1565 1796 1611 concurrit

41 1622 106 1672 ad
125 1621 421 1671 desiderium
441 1622 711 1671 voluntatis
726 1655 739 1675 ,
764 1621 944 1672 umbra
966 1622 1162 1671 fruendi
1190 1620 1382 1686 frigida.
1451 1625 1712 1679 Tandem,
1738 1637 1794 1674 ut

42 1681 336 1749 mysterium
364 1684 649 1737 absolvam,
685 1686 894 1741 volitio,
918 1685 1086 1734 relicta
1114 1682 1250 1739 idea,
1273 1686 1341 1735 sui
1369 1685 1790 1743 rememorativa,

42 1749 280 1814 potentiae
317 1749 524 1797 motivae
550 1750 789 1813 imperat,
821 1761 877 1797 ut
902 1749 1172 1798 voluntatis
1199 1751 1469 1813 imperium
1499 1762 1788 1813 exequatur,

44 1804 255 1874 citatisq3
285 1810 494 1875 pedibus
524 1809 795 1859 hominem
818 1811 1105 1865 transferat,
1125 1810 1187 1860 ad
1209 1811 1444 1860 umbram
1463 1813 1652 1861 arboris
1674 1812 1791 1861 defi-

43 1875 284 1923 deratam.
331 1875 430 1922 En!
493 1886 585 1922 uot
603 1876 806 1937 negotia
827 1873 1143 1937 perficiantur
1164 1873 1265 1921 fine
1282 1877 1520 1936 negotio:
1557 1890 1794 1924 momen·

41 1948 100 1984 to
121 1936 313 2001 peraeta
333 1950 408 1984 res
428 1950 454 1983 e
510 1953 522 1987 ς
557 1934 667 1984 imo
692 1948 826 1984 tanta
846 1938 899 1984 in
917 1936 1104 1984 cunctis
1127 1936 1424 1990 celeritaS‚ut
1442 1951 1550 1984 non
1568 1950 1791 1992 notetur,

43 1997 177 2048 hoci
211 1998 292 2052 so,
317 2013 461 2053 reor,
489 1998 796 2062 prodigiosa,
819 2001 935 2061 quia
953 1999 1117 2045 notari
1145 2000 1332 2060 nequit.
1642 2037 1648 2041 .
1919 2038 1921 2040 ,

220 2062 371 2113 EUC:
438 2063 572 2111 Mira
631 2076 801 2124 uoque
820 2064 948 2109 sono
970 2060 1212 2113 celeritas,
1234 2059 1314 2108 sed
1334 2076 1443 2110 non
1465 2074 1625 2111 tanta:
1661 2061 1791 2112 hanc
1823 2071 1920 2117 soni
1943 2070 2008 2118 in.

48 2134 220 2171 tamen
244 2123 435 2188 supplet
461 2126 598 2172 inten
621 2139 700 2177 10,
727 2138 881 2186 quam
914 2126 1041 2171 inter
1077 2123 1326 2188 paradoxa
1357 2124 1553 2188 phys-ica
1575 2126 1678 2182 jure
1698 2139 1792 2176 nu·
1825 2133 1970 2194 censio,

48 2197 210 2233 merat
234 2185 567 2250 Philosophia.
666 2188 910 2240 Memini,
941 2185 967 2234 a
997 2200 1080 2235 me
1109 2185 1261 2234 visam
1290 2189 1548 2250 ingentem
1569 2188 1790 2243 Aulam,

49 2249 113 2296 ab
140 2245 405 2296 artificioso
431 2251 625 2297 fornice
648 2249 922 2297 celebrem:
959 2250 1011 2296 in
1041 2247 1298 2312 oppositos
1327 2251 1536 2314 angulos
1565 2251 1795 2301 conversi

48 2309 271 2360 Achates
294 2309 428 2365 du0,
455 2310 521 2359 fic
549 2313 767 2360 invicem
796 2313 928 2361 taciti
963 2311 1386 2373 colloquebantur
1410 2345 1423 2366 ,
1458 2325 1512 2361 ut
1539 2309 1716 2362 stantes
1743 2316 1797 2363 in

50 2373 226 2422 medio
258 2374 414 2427 Zoili,
439 2388 532 2422 nec
557 2374 824 2423 verbulum
842 2374 1094 2427 audirent,
1114 2388 1206 2421 nec
1224 2375 1568 2439 intelligerent.
1655 2378 1795 2425 Pavi-

48 2436 211 2484 menti
232 2434 459 2484 medium
485 2436 518 2486 s1
542 2437 669 2501 pede
690 2438 903 2487 modico
923 2435 1158 2500 pulsares,
1181 2448 1343 2486 tantus
1365 2438 1583 2488 insonuit
1605 2438 1797 2502 fragor,

55 2513 114 2548 ac
140 2496 176 2550 si
196 2510 513 2552 tormentum
540 2500 780 2553 bellicum
801 2499 1090 2617 explssderet
1111 2497 1298 2551 hostilis
1326 2499 1483 2555 furor,
1551 2502 1635 2554 De
1659 2512 1793 2550 nata-

994 2576 1021 2612 2
1616 2575 1729 2614 tore
