2177 2905
662 89 863 157 ἓῧέἓθέ
895 91 984 152 263
1020 85 1218 154 nee&

79 205 156 241 22.
193 193 345 239 Datur
359 190 405 238 in
426 189 589 251 Logica
605 186 732 243 nstri
753 187 973 248 Temporis
988 183 1214 246 Profeſjbr‚
1234 185 1309 248 qui
1323 182 1480 244 optimi
1495 184 1631 236 docet,
1651 177 1726 240 etsi
1743 180 1806 228 ni·

74 256 138 304 hil
155 253 398 314 distinguat.
464 266 543 308 23,
580 255 733 299 Datur
749 255 795 298 in
818 248 994 310 Physica
1011 250 1175 312 aliquid
1190 281 1204 302 ‚
1224 246 1383 311 quodsi
1408 247 1567 293 malum
1594 242 1805 301 latificat,

66 317 106 378 fi
124 317 277 364 bonum
301 350 316 372 ,
351 315 584 368 contristat.
686 316 756 364 Ex
781 312 990 376 Virgula
1019 312 1276 377 Mogphei.
1388 322 1466 368 24.
1501 308 1720 358 Atheum,
1752 307 1810 353 ἔφ’

81 384 268 428 Brutum
284 378 619 437 substantialiter
636 394 717 424 non
732 374 922 436 differre,
938 386 1065 436 patet
1081 375 1136 420 ad
1156 375 1384 421 hominem.
1453 384 1531 430 25.
1566 372 1714 418 Etiam
1736 365 1810 415 ab·

66 442 183 502 scist
211 444 349 504 capite
380 442 675 503 Philosbphum
703 443 860 488 vivere
877 473 892 490 ‚
925 440 982 487 (ἴθ’
1001 438 1311 499 philosophari,
1340 452 1420 482 non
1446 434 1501 489 est
1523 433 1806 481 Miraculum.

78 509 148 556 Ex
166 505 370 555 flamma
380 503 687 554 Promethei.
756 503 833 550 26.
870 503 1000 549 DEO
1020 501 1129 547 nihil
1149 503 1289 547 notius
1306 500 1466 560 sophis,
1477 497 1586 544 nihil
1604 497 1804 555 ignotius.

31 572 36 579 ’
77 571 148 619 Ex
170 567 388 634 Sphinge
407 563 774 632 Philosophicz‘i.
841 577 920 624 27.
953 562 1047 623 Q&
1068 566 1204 610 minus
1229 561 1287 615 est
1304 579 1375 609 cor
1386 563 1615 609 humanum
1629 591 1642 613 ‚
1666 558 1712 604 εὸ
1734 553 1808 630 esse

78 632 216 688 majus
239 633 491 678 Anatomici
515 631 571 676 ad
601 630 764 676 oculum
792 626 1089 681 demonstrant.
1157 629 1235 677 28,
1272 627 1362 673 Nil
1390 627 1434 671 in
1454 624 1617 670 Mundo
1643 620 1807 680 fortius

77 691 151 753 esse
180 711 227 741 re
254 693 442 740 maxime
469 691 654 746 imbelli,
674 695 731 741 ἔφ’
753 689 901 751 flautei,
925 689 1161 750 Propositio
1185 688 1265 744 est,
1291 688 1550 748 Philofhphis
1583 683 1605 742 (
1627 686 1810 732 Utinam

83 773 165 803 non
191 757 339 803 multis
354 760 374 803 Ι
393 755 416 813 )
462 756 856 817 experimentaliter
891 769 1009 802 nota.
1075 755 1145 803 Ex
1171 751 1389 803 Coloffo
1425 746 1660 814 Mystico.
1729 760 1809 806 29.

76 823 201 867 Duos
218 817 413 877 distantes
431 821 606 880 colloqui
611 815 836 880 posse,quin
839 816 955 870 stans
967 821 1011 864 in
1023 818 1275 864 intermedio
1297 818 1528 878 quidquam
1545 814 1810 865 audiat‚tan-

78 883 171 928 tum
193 880 367 928 rudibus
389 881 443 935 est
469 882 758 927 Paradoxum.
829 893 904 938 30.
973 885 1084 926 Saxa
1104 881 1223 943 loqui
1233 878 1356 940 Poffi's
1371 878 1624 926 &homines
1642 874 1720 927 ibi,
1734 872 1810 920 ubi

76 962 157 990 non
171 945 295 1001 sunt,
320 945 428 991 nihil
451 947 608 990 mirum
625 947 669 990 in
693 942 880 1002 Physica.
916 945 988 992 Ex
1007 943 1187 1007 Scylla,
1212 955 1362 1006 atque
1383 939 1656 1004 Charybdi.
1729 950 1805 997 31,

75 1009 182 1054 Solis
216 1008 474 1068 Philofhphis
506 1009 587 1054 haec
616 1006 851 1066 Propositio
881 1009 1081 1068 propria:
1128 1006 1341 1067 loquere
1368 1038 1382 1058 ,
1423 1016 1479 1053 ut
1503 1002 1706 1052 Videam
1737 1014 1804 1050 te.

82 1083 156 1129 32.
194 1071 358 1116 Clavim
377 1072 511 1117 cordis
529 1087 609 1116 non
627 1068 725 1117 raro
751 1069 1008 1130 Philosbphis
1031 1070 1337 1115 commodatam
1356 1067 1383 1114 ἀ
1396 1069 1609 1116 Numine,
1621 1065 1702 1121 fidi
1730 1080 1811 1111 non

78 1132 321 1193 Philofhphi
338 1136 381 1178 in
401 1133 573 1180 dubium
592 1145 811 1180 revocant.
876 1135 948 1182 Ex
970 1134 1144 1183 Momi
1164 1129 1406 1182 Fenestra.
1479 1143 1553 1187 32.
1574 1126 1744 1177 DEUS
1759 1123 1815 1181 est

79 1194 260 1257 ubique,
284 1196 467 1247 alicubi,
493 1199 547 1244 Θ
567 1196 730 1245 nullibi.
799 1209 875 1254 33.
913 1196 1092 1257 Tempus
1111 1213 1186 1242 nec
1205 1194 1260 1249 est
1284 1199 1328 1242 in
1347 1205 1536 1254 tempore
1551 1226 1564 1247 ‚
1587 1209 1660 1238 nec
1683 1195 1727 1238 in
1750 1196 1815 1238 in-

68 1257 222 1312 stanti.
248 1260 472 1318 34.Magis
485 1261 671 1320 explicat
685 1262 1062 1323 aeternitatem,qui
1072 1261 1297 1323 dicit,quid
1306 1276 1386 1305 non
1394 1255 1598 1319 linquam
1610 1257 1684 1318 qui
1691 1256 1814 1309 dicit,

79 1323 180 1385 quid
194 1321 269 1381 fit.
340 1334 414 1380 35.
451 1325 561 1369 Non
585 1323 697 1369 male*
720 1325 853 1378 dicit,
871 1326 948 1386 qui
973 1325 1080 1370 dicit
1109 1321 1333 1382 Infernum
1362 1319 1577 1381 angustum
1597 1318 1726 1379 simul
1755 1318 1812 1365 ό·

78 1386 281 1444 amplum.
347 1387 418 1434 Ex
435 1387 571 1444 Jano
584 1386 828 1435 Bifronte.
899 1387 972 1444 36.
1008 1389 1110 1433 Duo
1132 1401 1345 1448 nunquam
1365 1385 1516 1430 vident
1534 1383 1706 1429 eandem
1723 1382 1812 1428 Iri·

80 1449 199 1494 dem:
234 1447 319 1494 imo
341 1464 415 1495 nec
430 1451 541 1495 idem
552 1450 719 1509 simper
746 1451 868 1496 videt
899 1452 1088 1498 eandem.
1158 1462 1234 1508 37.
1269 1446 1379 1496 Non
1408 1449 1542 1494 omnis
1566 1448 1675 1506 ignis
1701 1447 1809 1493 urit.

88 1514 165 1570 38.
203 1513 310 1557 Non
329 1514 461 1557 omnis
472 1510 652 1571 flamma
662 1525 744 1573 per
756 1529 909 1575 aquam
928 1515 1123 1572 extingui
1133 1511 1284 1574 potest.
1320 1513 1391 1562 Ex
1413 1510 1624 1560 Atlante
1649 1506 1817 1558 Philo-

79 1573 307 1639 sophico.
386 1587 461 1632 39,
495 1576 647 1621 Multa
676 1578 789 1621 mira
824 1575 1095 1622 mirabiliora
1122 1576 1355 1621 Miraculis
1374 1609 1389 1626 ,
1411 1573 1642 1635 praesertim
1661 1570 1811 1630 Vulgo.

78 1643 160 1692 40.
195 1641 250 1683 In
271 1653 400 1682 annos
418 1637 564 1697 plures
572 1635 770 1698 perferre
785 1640 988 1691 inediam5
999 1638 1074 1684 vel
1086 1639 1342 1698 protrahere
1352 1637 1544 1695 sbmnum
1558 1652 1573 1682 :
1608 1650 1663 1681 ex
1677 1632 1814 1694 stupi-

79 1702 130 1746 do
151 1702 272 1747 reddi
290 1699 471 1751 dotium,
495 1702 550 1747 (θ’
574 1700 748 1762 viczffim
763 1718 776 1745 .·
811 1704 1003 1746 excitare
1018 1714 1186 1754 ventos,
1209 1703 1264 1748 Θ
1285 1698 1576 1761 tempestates:
1610 1697 1731 1744 reddi
1747 1698 1812 1743 in-

70 1762 301 1822 sensibilem
324 1765 368 1808 in
390 1765 641 1809 tormentis:
685 1761 1041 1810 invulnerabilem
1065 1766 1109 1809 in
1123 1763 1306 1824 praelijs:
1341 1760 1595 1821 invisibilem
1615 1762 1661 1806 in
1677 1757 1812 1818 fuga,

80 1828 136 1875 Θ
153 1842 238 1889 qua:
253 1826 353 1882 sunt
380 1826 493 1874 alia,
524 1829 636 1870 mira
650 1827 906 1880 sblummodo
917 1826 1043 1882 sunt,
1064 1843 1137 1872 nec
1157 1825 1232 1884 nisi
1261 1825 1435 1872 rudibus
1454 1827 1652 1870 dicuntur
1669 1824 1816 1868 Mira-

76 1889 187 1935 cula.
256 1889 325 1935 Ex
342 1887 551 1950 Virgula
564 1885 835 1936 Pharaonis
847 1919 862 1940 ‚
897 1890 945 1937 ὅ(
959 1888 1107 1937 Circe
1125 1887 1490 1954 Philosophica.
1566 1900 1645 1946 41.
1663 1888 1819 1934 Datur

77 1954 123 1998 in
143 1949 411 2009 Philosophia
431 1951 650 2001 Medicus,
674 1950 845 2010 prorsus
870 1950 1084 2002 indutias,
1103 1953 1180 2015 qui
1203 1968 1278 1998 nec
1290 1950 1476 2010 scribere
1493 1951 1639 2001 valet,
1657 1964 1731 1994 nec
1752 1949 1814 1994 le-

71 2028 192 2074 gere,
215 2010 301 2059 imo
320 2029 394 2059 nec
414 2012 558 2075 loqui,
573 2015 628 2060 Θ
648 2025 792 2059 tamen
817 2013 973 2073 optime
994 2025 1134 2060 curat.
1202 2027 1279 2073 42.
1317 2017 1468 2063 Datur
1485 2015 1530 2061 in
1546 2011 1815 2072 Philosbphia
1880 2024 1882 2027 ·

76 2080 143 2125 rei
166 2074 438 2141 incerti'ffimae
462 2075 707 2137 certissimus
728 2077 945 2136 Propheta
961 2112 975 2128 ,
1006 2070 1243 2138 Ast⁰rologis
1273 2078 1458 2130 dot‘iior,
1484 2077 1585 2123 licet
1604 2074 1808 2123 indoffus.

78 2152 159 2198 43.
192 2141 465 2198 Apollonium
485 2137 697 2200 'Iffianeum
713 2142 946 2186 Brutorum
968 2140 1133 2201 linguas
1144 2139 1406 2200 intellexisti,
1422 2138 1639 2199 &Ephesi
1659 2138 1814 2195 docuiss

67 2203 115 2261 se
137 2217 291 2249 verum
314 2218 393 2247 non
420 2201 500 2254 est,
517 2202 591 2259 sed
612 2201 866 2260 verosimile.
933 2216 1016 2262 44.
1052 2205 1201 2250 Multa
1224 2203 1335 2263 fizlfiz
1352 2201 1648 2264 probabiliora
1663 2202 1810 2253 veris,

73 2279 201 2333 patet
217 2280 272 2310 ex
291 2264 487 2321 Discursu
501 2267 752 2312 Brutorum.
818 2278 897 2322 45.
935 2269 1093 2318 Bruta,
1115 2267 1168 2311 ad
1179 2267 1356 2328 speciem
1377 2263 1615 2313 hominibus
1623 2265 1808 2326 pruden-

78 2336 222 2381 tiora,
239 2337 321 2387 pro
344 2325 565 2386 Beneficijs
575 2331 798 2386 gratiora,
816 2331 970 2375 Simios
987 2331 1228 2375 divinantes
1248 2364 1262 2381 ‚
1285 2330 1542 2390 Elephantes
1566 2326 1808 2389 probosiide

71 2393 304 2455 siribentes
324 2425 337 2441 ‚
360 2393 522 2436 Leones
538 2390 768 2448 mansuetos
790 2423 804 2445 ‚
831 2393 976 2454 Equos
990 2390 1206 2450 famulos,
1227 2392 1488 2440 Tabellarios
1510 2392 1727 2444 volantes,
1751 2392 1808 2438 (θ’

79 2456 275 2522 quaesunt
294 2452 448 2512 similia
469 2454 722 2510 Paraetoni,
745 2470 826 2500 non
849 2457 1064 2502 mirantur
1084 2455 1350 2517 Philosophi,
1364 2455 1437 2514 sed
1451 2457 1668 2517 Imperiti.
1737 2454 1808 2503 Ex

81 2518 361 2573 Academia
376 2516 670 2570 Brutorum.
745 2519 827 2577 46.
877 2517 1099 2577 Juvenem
1111 2516 1222 2581 poffie
1240 2517 1344 2581 fieri
1369 2523 1542 2572 Senem,
1580 2520 1637 2566 (sy
1663 2520 1809 2564 Senem

1595 2581 1745 2673 „74⁶²-
