2177 2905
392 62 484 118 238
865 56 913 105 T
905 57 1270 119 echnophylacium
1296 18 1531 120 physicam.

325 157 586 207 Mercurio
614 154 900 208 incumbat,
920 154 1189 219 trudatque
1222 157 1457 206 deorsum
1485 190 1496 211 ,
1525 155 1628 205 hoc
1654 155 1760 221 ipso
1784 171 1841 205 ex
1868 153 2079 206 istorum
2142 175 2153 181 ³

324 221 604 269 Sententia,
631 219 983 267 Mercurialem
1010 220 1307 268 columnam
1328 222 1379 268 in
1409 221 1685 282 aequilibrio
1718 220 1989 285 suspensam
2011 233 2081 268 te-

327 294 430 331 net,
499 283 559 331 Et
579 281 644 330 fic
667 284 851 330 eruitur
872 283 999 330 ratio
1025 281 1246 346 physica,
1270 299 1358 331 cur
1378 284 1575 346 aequalis
1600 285 1650 330 in
1682 282 1878 332 diversis
1897 284 2080 332 tubulis

329 344 549 394 altitudo
570 344 831 401 Mercurii:
858 347 974 407 quia
1000 361 1183 409 nempe
1214 346 1349 395 idem
1375 347 1562 408 ubique
1594 346 1922 408 aequilibrium
1947 358 2084 394 tenet

331 412 458 457 inter
473 407 772 457 columnam
793 412 1123 471 aerea1n‚quae
1147 410 1430 473 premendo
1455 409 2080 473 suspenditMercurialem.

332 470 495 537 Quod
518 471 846 535 aequilibrium
864 504 876 524 ,
898 470 930 519 si
951 471 1267 520 ascendendo
1290 485 1525 521 montem
1548 505 1560 524 ‚
1594 473 1824 521 breviore
1854 475 1975 520 ae'ris
2000 487 2087 520 co-

330 537 508 583 lumna
537 547 698 583 mutes
713 567 726 588 ‚
757 550 879 583 mox
900 535 1163 583 descendet
1185 535 1498 599 aliquantum
1513 537 1792 585 Mercurius
1816 569 1829 589 ‚
1861 535 1892 583 fi
1917 538 1967 583 in
1990 537 2086 584 Re-

332 600 546 663 cipiente
566 614 654 663 per
683 598 954 647 extrastum
981 601 1151 647 aerem
1166 598 1384 648 omnino
1403 600 1548 648 tollas
1566 632 1579 652 ‚
1616 599 1803 648 defluet
1816 611 1968 648 totus.
2006 600 2085 647 Sic

332 661 485 711 flante
505 659 693 716 Borea,
707 658 970 725 Coeloque
991 661 1165 711 sereno
1197 661 1338 712 altius
1359 663 1574 711 ascendit
1589 665 1865 711 Mercurius
1882 695 1904 715 ‚⁷
1932 661 2089 723 quam

334 725 486 773 flante
501 722 711 779 Austro,
730 721 977 788 Caeloque
1000 725 1174 789 pluvio
1194 758 1206 778 ‚
1240 723 1304 773 eo
1320 726 1462 788 quod
1485 727 1641 775 Coelo
1669 727 1842 788 pluvio
1858 726 2006 773 aerlit
2028 725 2091 771 le-

334 790 448 837 vior
463 822 475 842 ‚
512 787 668 851 quam
690 788 862 836 sereno
878 824 891 839 ,
915 788 1192 851 Burgundis
1215 787 1246 835 si
1270 788 1390 836 fides
1411 786 1493 834 est.
1563 788 1726 850 Qod
1745 787 1778 835 si
1796 788 2007 835 Coelum
2028 786 2090 834 ad

333 849 549 917 speeiem
572 852 780 914 quidem
796 851 1023 899 serenum
1045 884 1058 905 ‚
1094 851 1267 898 sensim
1289 863 1461 897 tamen
1483 849 1528 897 se
1548 850 1775 915 disponat
1794 850 1855 898 ad
1877 851 2093 914 pluvias,

338 915 616 965 elustantur
639 914 825 962 sursum
845 915 1096 961 innumeri
1117 912 1294 961 halitus
1319 946 1332 962 ‚
1372 915 1423 961 in
1440 913 1626 963 imbres
1657 911 1829 962 denuo
1849 914 2096 962 resolven-

340 979 416 1028 di.-
452 978 570 1028 hinc
597 974 666 1024 est
688 1009 701 1030 ,
724 992 811 1024 cur
841 978 1095 1023 minuatur
1115 975 1481 1038 aliquantulum
1502 979 1625 1028 a'e'ris
1646 975 1824 1042 pressio
1845 1010 1859 1031 ‚
1895 980 1943 1027 ὅ(
1967 979 2097 1026 Mer-

337 1043 502 1096 curius
526 1038 821 1088 descendere
844 1037 1133 1088 observetur
1158 1055 1168 1086 :
1205 1038 1382 1088 contra
1403 1040 1560 1089 Coelo
1575 1042 1747 1106 pluvio
1765 1074 1776 1092 ,
1793 1039 1873 1089 sed
1887 1040 1947 1088 ad
1977 1040 2097 1088 serc-

341 1106 551 1157 nitatem
574 1101 665 1150 sese
689 1100 989 1149 exhilarante
1014 1133 1027 1154 ,
1064 1103 1234 1151 minor
1254 1099 1322 1150 est
1349 1118 1600 1166 vaporum
1623 1103 1992 1153 ascendentium
2016 1118 2101 1152 co·

339 1170 419 1234 pia
442 1184 452 1215 :
482 1166 617 1216 unde
639 1166 739 1213 aeri
759 1166 829 1213 vis
848 1164 1010 1220 major
1032 1161 1224 1214 elastiea
1247 1199 1260 1220 ‚
1311 1178 1363 1215 ut
1392 1165 1522 1216 adeo
1545 1169 1822 1217 Mercurius
1842 1166 2102 1215 ascendere

339 1230 689 1294 compellatur.
759 1228 1006 1277 Praetereo
1033 1225 1116 1276 hic
1144 1242 1349 1279 centum
1378 1233 1716 1294 experimenta
1738 1263 1751 1284 ‚
1785 1229 1939 1293 quam
1961 1232 2103 1278 mira-

343 1295 459 1343 bilia
478 1292 606 1346 visu‚
633 1303 737 1340 tam
762 1290 978 1341 difficilia
999 1292 1243 1355 explicatu
1266 1327 1279 1347 ,
1320 1293 1499 1357 quibus
1531 1297 1581 1343 in
1606 1294 1742 1344 Artis
1764 1292 2104 1357 Technophy-

344 1358 478 1407 laeio
498 1355 665 1406 videas
686 1387 698 1408 ‚
724 1354 830 1403 duo
858 1370 1115 1403 marmora
1138 1356 1361 1420 laevigata
1391 1390 1404 1412 ‚
1444 1356 1506 1406 sic
1525 1357 1826 1408 cohaerentia
1852 1358 2102 1410 invicem,

346 1433 403 1472 ut
422 1419 589 1470 divelli
611 1421 690 1468 vix
713 1418 924 1482 amplius
947 1419 1145 1467 valeant
1177 1437 1188 1466 ε
1225 1420 1405 1483 quibus
1426 1417 1665 1486 stupescas
1680 1421 1951 1470 Thetidem
1978 1452 1990 1472 ‚
2023 1434 2108 1467 na-

346 1484 490 1534 turali
517 1484 757 1546 gravitate
786 1497 892 1532 non
916 1477 1145 1529 obstante
1171 1516 1183 1537 ‚
1215 1486 1267 1531 in
1293 1483 1550 1534 altiss'imos
1583 1497 1784 1533 montes
1815 1485 1989 1548 sponte
2010 1483 2110 1531 elu-

348 1548 571 1597 stantem
589 1579 602 1599 ³
627 1544 660 1593 fi
683 1560 868 1609 nempe
889 1545 1081 1593 canales
1103 1578 1115 1597 ,
1145 1544 1275 1610 aqua
1288 1548 1505 1612 repletos
1532 1581 1544 1601 ‚
1569 1547 1632 1596 sic
1655 1548 1878 1597 colloces
1894 1580 1906 1601 ,
1936 1558 1990 1595 ut
2003 1560 2111 1611 pars

350 1612 570 1659 anterior
593 1620 793 1655 maneat
820 1608 1051 1656 immersa
1083 1605 1289 1673 stagno,
1320 1608 1568 1673 posterior
1598 1611 1863 1660 descendat
1893 1612 1944 1658 in
1977 1624 2113 1657 cam-

350 1688 471 1739 pos,
494 1668 669 1734 stagno
691 1669 1070 1733 profundiores:
1110 1672 1288 1732 quibus
1311 1674 1528 1734 denique
1552 1676 1742 1722 mireris
1762 1676 1812 1720 in
1827 1673 1956 1720 tubis
1975 1683 2112 1735 aper-

294 1760 298 1766 ,
318 1763 325 1766 <
347 1738 410 1785 tis
424 1768 437 1790 ‚
464 1737 515 1784 ὃς
530 1729 661 1796 aqua
671 1731 893 1795 turgidis,
910 1731 1075 1781 modo
1092 1733 1306 1797 superius
1327 1734 1576 1784 orificium
1600 1736 1758 1799 digito
1777 1734 1976 1783 claudas
1991 1766 2003 1787 ‚
2018 1747 2114 1781 nee

351 1798 560 1862 quidem
582 1807 777 1859 guttam
799 1793 998 1843 effluere
1021 1811 1031 1844 3
1067 1795 1171 1843 haec
1192 1799 1241 1846 ὅ(
1262 1797 1435 1845 fimilia
1458 1798 1707 1861 paradoxa
1722 1810 1960 1861 praetereo
1976 1830 1989 1851 ‚
2005 1811 2115 1844 non

353 1861 497 1926 quod
517 1863 645 1908 ratio
680 1873 764 1906 me
790 1855 1018 1905 destituat
1043 1857 1241 1922 physica
1273 1892 1285 1912 2
1330 1859 1410 1907 sed
1438 1863 1489 1907 in
1518 1858 1761 1923 angustias
1795 1859 2116 1908 contractum

354 1939 569 1988 tempus.
642 1923 692 1970 Si
713 1937 770 1968 ex
788 1922 840 1979 ijs
867 1936 976 1983 quae
998 1922 1253 1970 attulimus
1277 1921 1514 1971 haetenus
1537 1955 1550 1977 ,
1580 1938 1688 1971 non
1712 1921 1858 1987 possiS
1877 1923 2117 1985 colligere

355 1989 544 2039 horum
567 1983 782 2048 analyfin
798 2018 811 2037 ‚
839 1983 1100 2033 Authores
1119 1985 1327 2041 ¹consule
1352 2019 1365 2039 ‚
1396 1989 1484 2049 qui
1504 1986 1566 2035 ad
1591 1986 1815 2036 famosos
1838 1987 1981 2035 vacui
2012 2000 2117 2033 me-

359 2065 438 2101 tus
466 2049 488 2107 (
509 2049 682 2113 asylon
701 2082 713 2101 ‚
730 2047 785 2097 ut
804 2047 890 2112 ipsi
909 2029 1122 2098 afferufft
1136 2080 1150 2102 2
1183 2048 1498 2114 Philosopho
1517 2049 1814 2113 indignum)
1835 2047 2116 2097 meticulosi

356 2113 660 2177 confugiunt
679 2114 972 2173 neutiquam
987 2144 1000 2165 ‚
1024 2113 1104 2162 sed
1123 2127 1212 2176 per
1230 2116 1526 2177 gravitatem
1549 2116 1672 2162 aeris
1687 2146 1699 2166 ‚
1730 2109 1941 2175 vimque
1964 2107 2118 2160 elasti-

356 2193 471 2229 cam
491 2175 744 2234 ejusmodi
763 2178 1107 2240 experimentis
1133 2175 1291 2240 magis
1320 2191 1601 2240 congruam
1614 2174 1867 2241 physicam
1882 2173 2117 2228 statuunt,

359 2238 691 2306 applaudente
715 2237 819 2303 ipso
838 2271 847 2290 ‚
872 2237 924 2287 ut
938 2251 1113 2302 putant
1130 2273 1142 2294 ‚
1158 2239 1493 2304 PhilosophO:
1526 2238 1725 2289 tantum
1745 2236 1879 2289 abest
1893 2272 1905 2294 ‚
1921 2250 1975 2287 ut
1994 2234 2020 2287 ὲ
2034 2239 2120 2288 Pe·-

365 2308 527 2370 ripato
549 2303 620 2350 ob
643 2303 693 2351 id
716 2299 994 2350 existiment
1015 2303 1060 2350 se
1077 2303 1388 2366 relegandos.

525 2366 727 2425 LEUG,
810 2362 1081 2415 Ostendisti
1118 2366 1354 2415 hastenus
1374 2368 1499 2415 mira
1521 2399 1534 2420 ‚
1579 2366 1660 2416 scd
1686 2365 1707 2425 <
1732 2365 1874 2429 quod
1903 2361 2122 2414 maxime

367 2434 525 2482 miror
546 2431 566 2486 )
590 2442 669 2478 tot
690 2431 817 2477 inter
842 2430 965 2482 mira
986 2445 1094 2480 non
1106 2427 1360 2479 ostendisti
1393 2427 1610 2479 maxime
1633 2433 1846 2484 mirum,
1877 2428 2123 2494 Lapidem

365 2492 796 2560 Philosophicum.
824 2492 1072 2543 Antuum
1083 2494 1218 2545 forte
1231 2493 1737 2558 Technophylacium
1751 2493 1986 2558 Stagiritae
2007 2507 2122 2563 pau-

1959 2570 2061 2620 PCI‘l
