2222 2905
609 100 883 163 Maufhlaeum
917 101 1282 166 Peripateticum]
1728 119 1779 156 11

229 191 431 250 LEUC:
466 192 658 247 Frustra
675 198 910 248 aculeum
929 196 1052 264 figis,
1075 199 1160 249 ubi
1179 190 1429 248 obductus
1455 194 1654 264 pridem
1672 196 1741 249 est
1759 201 1860 250 cal-

67 256 168 312 lus:
191 273 404 311 veterno
421 260 745 311 imminutum
814 264 971 310 MEL.
1006 262 1091 311 sed.
1109 277 1279 325 neque
1297 261 1484 311 feriunt
1501 262 1700 329 spicula,
1721 280 1855 327 quos

71 340 186 374 non
208 337 444 377 tanount,
470 326 544 373 tui
567 324 748 373 ssmiles
777 338 934 391 puto,
955 341 1087 389 quos
1115 324 1250 374 extra
1280 325 1365 373 teli
1401 325 1589 382 {auum
1617 325 1860 376 industria.

68 388 261 455 posuit:
293 363 424 436 thinc
451 389 608 437 telam
624 421 637 442 ‚
663 403 820 452 quarn
840 391 959 438 texit
979 390 1123 439 Plato
1139 422 1152 444 ,
1177 389 1543 453 prosequimur.
1643 386 1857 454 Peregre

72 451 162 501 ubi
190 452 241 500 in
267 451 485 500 Patriam
511 448 580 499 est
604 451 823 501 reversus
840 485 852 506 ‚
880 468 1007 501 mox
1034 452 1226 501 scholas
1248 454 1300 500 in
1322 453 1608 502 Academia
1637 457 1857 518 aperuit:

72 512 218 565 locus
247 515 287 563 is
321 526 425 564 erat
449 550 462 566 ‚
492 514 632 564 mille
662 513 822 581 passus
856 515 1075 565 Athenis
1103 513 1288 565 diffitus
1308 548 1323 571 ,
1349 514 1596 565 arborum
1618 531 1867 566 amoenuz

73 575 284 633 umbra,
305 580 357 629 ὅ(
385 574 555 636 studiis
583 581 776 630 amicus
790 613 811 644 ρ
843 579 941 645 ipsa
970 579 1238 639 solitudine
1269 578 1297 628 a
1323 581 1451 628 curis
1480 581 1712 629 animum
1735 595 1859 629 avo-

71 654 236 691 cante.
289 640 651 691 Suburbanum
670 642 775 693 hoc
806 643 1144 693 nemorosum
1171 645 1240 693 ita
1269 643 1430 692 coluit
1458 656 1610 707 atque
1639 645 1861 693 excoluit

73 704 252 761 herm,
273 704 586 755 Academius
608 709 822 755 nomine
836 741 848 761 ,
871 710 923 757 ὃς
955 707 1074 756 hinc
1105 719 1321 771 etymon
1344 706 1638 757 Academiae
1661 707 1724 758 ab
1749 707 1863 757 Au-

72 768 241 823 thore‚
262 767 290 817 a
307 769 432 819 loco
453 782 625 818 autem
646 783 762 818 nata
784 768 853 819 est
873 770 1015 820 Sesta
1038 770 1370 820 Academica.
1440 770 1698 820 Caeterum
1719 771 1864 834 qui-d-

75 832 201 896 quid
224 833 386 890 eximii
418 834 469 881 in
494 833 805 897 sapientibus
835 835 1039 884 Graeciae
1062 834 1416 884 observaverat
1443 835 1617 890 Flam,
1639 836 1692 883 in
1722 836 1865 884 suam

77 895 132 945 id
153 896 371 948 contulit
400 894 806 962 Philosophiam,
833 901 886 947 in
924 897 1095 948 ethicis
1116 899 1387 948 Socratem
1403 930 1416 952 ‚
1438 896 1782 963 Pythagoram
1811 900 1866 948 in

77 959 306 1025 LogiciS‚
325 962 378 1009 in
400 958 615 1024 Physicis
635 962 949 1011 Heraclitum
968 962 1201 1026 sequutus
1217 995 1230 1016 ‚
1265 960 1396 1010 flore
1425 976 1485 1010 ex
1507 961 1750 1011 omnibus
1766 995 1780 1017 ‚
1801 961 1866 1011 ad

77 1019 229 1074 instar
247 1023 476 1088 apiculae‚
496 1022 749 1073 delibato:
800 1024 866 1075 fic
889 1026 1069 1081 docet,
1090 1020 1366 1089 misce‘tque
1398 1026 1677 1074 Sententias
1693 1059 1706 1080 ‚
1728 1037 1787 1075 ut
1813 1028 1866 1076 in

119 1101 237 1136 uam
258 1086 357 1151 ipse
377 1098 574 1151 partem
598 1086 789 1142 flectat,
809 1090 1037 1153 ignores:
1091 1089 1210 1138 hinc
1232 1088 1610 1138 Academicum
1641 1089 1865 1154 dogma,

78 1102 144 1199 ge
176 1151 418 1199 omnibus
446 1149 818 1205 dubitantium,
837 1152 976 1201 nulla
1014 1154 1120 1202 veri
1156 1152 1480 1207 certitudine,
1508 1165 1595 1201 aut
1631 1150 1866 1202 Scientia.

77 1210 198 1264 Imo
222 1225 368 1262 tantae
392 1215 446 1263 in
463 1214 712 1277 Sapientia
735 1226 873 1263 tanta
907 1214 1094 1279 (quod
1114 1216 1306 1263 mireris
1326 1212 1350 1271 >
1384 1212 1645 1264 modestiae
1666 1216 1787 1269 fuit,
1812 1229 1870 1265 ut

81 1276 327 1341 discipulis
352 1276 565 1330 diceret,
585 1275 726 1326 suam
749 1276 813 1326 de
841 1278 1107 1327 virtutibus
1140 1277 1428 1327 doctrinam
1459 1289 1716 1334 tenerent,
1740 1278 1868 1329 dum

80 1341 295 1391 sanctior
326 1338 373 1388 se
402 1337 684 1393 obtulisset,
715 1352 839 1388 tunc
871 1343 1010 1390 enim
1037 1342 1238 1391 Platoni
1267 1343 1540 1392 veritatem*
1558 1341 1864 1408 praeferrent.

80 1406 144 1455 Et
163 1399 288 1454 vero
312 1404 517 1452 virtutes
537 1400 669 1451 adeo
691 1403 869 1457 coluit,
887 1416 943 1453 ut
961 1406 1115 1453 ctiam
1136 1406 1189 1453 in
1207 1404 1310 1463 alijs
1332 1405 1615 1455 adamaret:
1652 1405 1773 1456 hinc
1791 1407 1867 1458 A·

81 1467 244 1516 thenis
265 1481 446 1530 parum
471 1464 741 1531 proficiens
765 1467 985 1516 Siciliam
1000 1501 1014 1524 ‚
1045 1468 1240 1517 Italiam
1277 1466 1446 1533 petiit,
1479 1485 1536 1518 ac
1560 1469 1866 1535 AEgyptum‚

79 1529 369 1580 imbuendis
405 1542 697 1578 exterorum
731 1530 961 1580 moribus
983 1565 997 1586 ‚
1034 1533 1308 1580 meliorem
1338 1548 1553 1597 operam
1590 1534 1866 1584 locaturus.

79 1594 172 1645 Ad
191 1592 500 1657 Dionysium
529 1605 806 1658 tyrannum
829 1593 951 1643 cum
974 1595 1085 1645 vela
1117 1595 1333 1650 faceret,
1354 1609 1587 1662 rogatUS,
1615 1595 1725 1661 quo
1759 1614 1863 1647 cur.

82 1657 221 1710 sum?
255 1660 300 1703 in
320 1656 536 1711 siciliam,
557 1656 835 1720 inquiebat,
859 1659 973 1705 male
986 1675 1043 1705 ex
1060 1661 1211 1720 ‘Capite
1232 1658 1526 1707 laborantem:
1561 1658 1869 1726 tantumque
1906 1667 2035 1718 Ptin.-

73 1717 237 1776 *abest,
263 1733 318 1770 ut
336 1721 470 1785 tigris
490 1717 577 1770 ista
596 1720 794 1770 furores
814 1720 989 1771 solitos
1008 1721 1213 1777 fureret,
1234 1735 1290 1772 ut
1312 1724 1465 1772 etiam
1483 1726 1698 1773 vittatam
1718 1728 1870 1774 navim

83 1785 248 1844 mzfi’rit
287 1783 486 1836 obviem,
520 1787 577 1832 ξφ
615 1785 697 1844 ipse
735 1786 951 1848 quadrigv's
990 1784 1098 1832 albia
1132 1789 1348 1846 exceperit
1384 1788 1536 1835 littore
1566 1790 1865 1849 egredientem.

84 1846 228 1901 Inici,
247 1847 394 1911 quod
415 1846 501 1895 nili
521 1846 750 1897 vidifl'ent
767 1848 1030 1912 Syracusae,
1055 1864 1166 1897 non
1189 1850 1475 1903 crederent3
1495 1852 1765 1901 Platonem
1787 1869 1873 1903 au-

83 1927 176 1962 reo
198 1911 403 1962 vectum
424 1908 592 1958 essedo
606 1943 619 1965 ,
639 1909 913 1975 Dionysius
933 1912 1140 1975 ipsemet
1161 1915 1347 1977 auriga,
1371 1915 1422 1962 in
1446 1914 1628 1964 urbem
1658 1916 1868 1966 induxit.

85 1976 327 2039 Denique
349 1989 413 2023 an
435 1975 591 2023 virtus
609 1985 749 2022 tanta
764 2006 777 2028 ‚
801 1989 865 2023 an
892 1975 1074 2025 virtute
1103 1978 1403 2040 neutiquam
1424 1979 1599 2027 minor
1624 1979 1872 2038 scientia,

85 2040 359 2091 Platonem
381 2037 655 2086 reddiderit
677 2037 1037 2094 celebriorem,
1074 2039 1128 2087 lis
1153 2035 1247 2095 est,
1277 2055 1387 2102 quae
1413 2040 1613 2091 dudum
1644 2042 1871 2109 fatigavit

87 2102 363 2154 Doctores.
466 2095 682 2166 Ipsemet
713 2101 1001 2152 nouorum
1045 2102 1248 2152 Phaenix
1276 2101 1615 2169 Augustinus,
1651 2107 1872 2158 leffione
1906 2113 1941 2162 l.
1967 2124 2018 2173 7.

87 2167 311 2217 Platonis
332 2164 401 2214 ad
418 2166 660 2214 virtutem
681 2163 729 2212 se
749 2163 1127 2216 inflammatum
1152 2163 1369 2216 testatur.
1472 2169 1608 2219 Cato
1632 2170 1694 2219 de
1711 2173 1870 2222 imor-
1908 2171 2079 2238 Confeffi

91 2230 280 2278 talitate
310 2230 488 2277 animae
509 2228 781 2277 Platonem
811 2228 1009 2292 legens,
1027 2230 1342 2294 praesen-tium
1367 2231 1517 2281 taedio
1544 2266 1557 2288 ‚
1591 2237 1644 2285 <Sc
1673 2235 1870 2285 futuro-

94 2307 211 2341 rum
233 2306 436 2346 amore,
461 2293 741 2355 pugionem
762 2293 813 2340 in
837 2292 1005 2358 peetus
1028 2292 1213 2348 mersit,
1234 2306 1370 2343 tanta
1397 2295 1524 2345 illius
1550 2298 1753 2348 calamo
1776 2300 1873 2349 fuit

94 2355 348 2404 facundia.
415 2357 628 2406 Numen
649 2356 859 2405 unicum
879 2355 1106 2410 credidit,
1129 2353 1239 2408 imo
1264 2360 1315 2408 ὃς
1335 2358 1434 2423 ipse
1456 2360 1674 2410 creditur
1693 2364 1744 2411 in
1762 2379 1872 2427 my-

96 2414 300 2467 sterium
321 2418 403 2467 SS.
437 2417 652 2468 Triados
673 2415 947 2484 penetraffe
962 2453 976 2475 ‚
998 2418 1097 2472 five
1118 2418 1256 2470 hunc
1279 2420 1340 2470 ab
1360 2422 1574 2487 Ingenio
1590 2458 1603 2478 ‚
1627 2424 1727 2475 sive
1756 2425 1784 2475 a
1807 2428 1875 2477 la-

97 2483 191 2530 cris
217 2483 404 2552 paginis
431 2484 678 2547 acceperit
698 2482 923 2532 radium:
977 2479 1111 2533 certe
1131 2483 1194 2533 de
1220 2485 1396 2536 divinis
1425 2484 1595 2537 divine
1615 2487 1746 2543 adeo
1769 2489 1872 2540 sen-

97 2544 173 2605 fit,
184 2546 488 2614 scripsitque,
502 2558 557 2600 ut
574 2543 979 2671 antonomastiga
995 2546 1158 2612 phrafi
1175 2548 1423 2607 diceretur
1439 2550 1672 2610 Divinus.
1729 2553 1876 2671 &a

976 2625 1006 2663 21
1665 2630 1724 2672 Ca
1780 2631 1808 2671 ἰ
