2177 2905
723 90 906 153 Oedipus
922 90 1132 154 Phyficus.
1643 111 1743 160 209

47 182 227 242 hibent
247 177 451 248 strages,
472 180 500 231 ὲ
518 181 684 231 Terrae
702 180 931 232 motibus
950 184 1116 232 Terrae
1143 181 1315 234 illatas
1383 183 1540 236 Nunc
1563 187 1701 236 enim
1721 188 1806 238 dc-

26 247 215 304 hilcit,
243 262 381 297 nunc
412 243 638 299 subsidit,
661 247 715 295 ὃ(
750 246 966 309 integras
997 259 1145 296 vorat
1174 247 1358 300 Urbes:
1404 247 1469 299 sic
1496 265 1635 299 anno
1662 264 1802 312 1509.
1833 240 2020 293 Rhode&

24 354 26 356 ,
51 310 298 360 tredecim
323 309 598 360 hominum
637 308 792 358 millia
823 310 1070 367 ejusmodi
1102 311 1214 360 casu
1243 311 1427 375 sepulta
1453 330 1464 361 ε
1487 313 1576 424 ..fic
1622 315 1808 365 eodem
1875 307 2007 352 A²⁷⁷1⁰
2039 344 2042 345 ν

18 413 24 416 ,
48 374 232 425 saeculo
255 369 552 438 Olyffipone
571 371 735 426 mille,
755 375 806 423 δε
821 375 1098 437 quingenta
1121 372 1330 424 aedificia
1364 373 1508 425 fundi
1531 377 1588 425 us
1608 378 1803 430 eversa:
1871 381 2010 427 1531·

47 437 116 489 fic
132 444 271 488 anno
296 448 433 495 1570.
455 437 668 484 Ferraria
686 435 793 484 fere
816 448 928 485 tota
946 439 1162 487 corruit:
1198 437 1308 487 imo
1337 451 1451 487 ante
1472 441 1811 504 Principatum

45 501 234 559 Tiberii
248 498 524 550 duodecim
535 499 694 550 Urbes
705 498 1002 549 AfiaeTerrae
1012 513 1162 550 motu
1175 499 1240 550 sic
1251 502 1507 552 tumulatae
1519 536 1532 557 ‚
1557 515 1610 552 ut
1629 519 1692 552 ne
1706 507 1813 567 qui-

14 601 18 604 ψ
45 563 170 614 dem
179 560 443 629 vestigium
451 561 521 611 sui
539 561 845 625 reliquerint.
866 563 995 613 Illud
1010 567 1271 631 optImum
1288 567 1341 613 in
1353 564 1426 614 his
1439 566 1747 630 niali3,quod
1758 567 1813 617 fi-

48 642 148 693 gna
169 628 470 693 praemittant
486 640 597 676 non
615 622 734 675 raro
753 627 1054 690 prodroma,
1070 628 1247 691 quibus
1262 629 1676 684 admoniti‚malo
1692 647 1811 696 prae-

12 726 17 730 -
49 692 222 741 venire
242 687 528 756 possumus,
545 700 822 751 antequam
848 694 1228 754 praeveniamur.
1293 692 1347 741 Si
1365 692 1612 757 sulphurei
1632 693 1812 745 halitus

12 790 17 793 <
52 757 225 803 aetem
257 753 489 808 turbent,
513 753 594 801 vel
623 752 845 801 inficiant
867 752 1056 802 foetore
1086 770 1298 818 aquam:
1334 754 1368 804 fi
1388 757 1582 805 insolita
1606 759 1813 807 animal-

50 818 163 866 cula
198 817 475 881 prodeant,
503 813 801 879 fugiantque
825 818 1027 877 ⁴interna
1055 819 1222 867 Terrae
1251 820 1601 869 tumultuantis
1629 821 1810 886 jurgia:

51 878 90 928 si
115 881 261 929 undae
289 880 465 943 sponte
495 878 762 933 ebulliant,
779 880 867 928 vel
890 880 1159 931 audiantur
1192 878 1408 930 intestini
1434 884 1705 939 tumultus,
1725 884 1813 934 fibi

19 986 22 988 .
51 945 266 991 timeant
280 944 553 1005 Regiones,
573 943 838 1005 praesertim
858 944 1125 998 montosae,
1147 948 1197 994 ὅ(
1216 945 1430 994 occultis
1453 945 1622 996 obsitae
1646 963 1816 998 caver-

53 1007 127 1055 nis
142 1038 155 1059 ,
179 1017 265 1054 aut
281 1005 432 1053 etiam
452 1009 716 1067 propiores
737 1007 979 1055 Oceano:
1006 1023 1124 1056 nam
1142 1009 1400 1072 proximus
1424 1011 1503 1059 vel
1526 1011 1625 1066 jam
1649 1024 1810 1067 nutat,

54 1070 134 1119 vel
158 1069 258 1126 jam
278 1067 416 1131 ardet
438 1068 714 1130 Ucalegon.
814 1069 915 1117 Sed
948 1070 1197 1134 fugiamus
1230 1070 1334 1119 haec
1357 1073 1628 1137 periculosa
1651 1075 1813 1126 confi-

54 1134 160 1186 nia,
182 1147 244 1180 ne
263 1146 384 1180 cum
402 1131 565 1180 Plinio
585 1132 777 1180 seniore
790 1164 802 1185 ‚
824 1131 1093 1182 scrutantes
1113 1134 1314 1191 Vesuvij
1335 1137 1604 1198 penetralia
1618 1170 1630 1190 ,
1650 1140 1812 1188 erudi·

52 1208 115 1244 tae
149 1194 439 1245 curiofitatis
473 1210 651 1260 poenas
683 1194 887 1251 demm,
916 1192 1239 1260 flammisque
1269 1200 1647 1264 erumpentibus
1674 1201 1811 1252 absu-

55 1275 276 1308 mamur.

148 1350 152 1352 μ
183 1322 382 1373 LEUC:
450 1316 682 1370 Monstra
698 1320 947 1386 fugimus,
973 1325 1023 1374 &
1050 1322 1296 1388 fugiendo
1324 1325 1375 1374 in
1395 1321 1620 1395 monstra
1643 1326 1812 1381 incidi-

55 1400 186 1437 mus.
252 1387 352 1436 En!
388 1385 533 1449 quod
557 1384 645 1433 tibi
665 1388 876 1450 aenigma
892 1386 1080 1451 Sphinx
1107 1388 1476 1455 Philosophica.
1525 1391 1534 1401 ³

278 1482 431 1542 Oedipe
447 1485 465 1527 J
490 1480 604 1539 fiant*
618 1484 804 1540 gemini,
828 1481 979 1545 quibus
1004 1482 1058 1536 est
1084 1487 1302 1531 contraria
1313 1483 1483 1545 prorsus

374 1546 583 1594 Natura,
610 1546 829 1596 humores,
851 1543 1100 1609 Ingeniique
1116 1549 1268 1608 vigor:

279 1606 512 1670 Dissimiles
524 1608 664 1667 genijs
676 1643 686 1659 ‚
700 1607 960 1668 studijssunt
977 1620 1106 1672 atque
1132 1611 1333 1658 talentis:

375 1671 532 1732 Dispar
557 1687 672 1723 vox,
688 1669 848 1731 gestus,
876 1672 1064 1723 lumina,
1080 1669 1250 1731 forma,
1276 1673 1406 1723 color.

192 1744 195 1745 ’
276 1736 417 1783 Unius
434 1733 636 1795 aspeflus,
667 1734 884 1797 moresque
902 1735 1014 1782 haud
1029 1735 1205 1794 sustinet
1229 1737 1366 1784 alter.-

375 1798 572 1855 :Jungere
582 1796 620 1855 fi
639 1801 801 1857 cupias,
824 1793 892 1845 hic
903 1795 1048 1857 fugit,
1072 1801 1141 1845 ille
1155 1797 1301 1859 fugat..

284 1859 481 1916 Diversis
499 1861 686 1918 gaudent
703 1860 852 1920 fiicijs,
871 1864 1089 1907 contraria
1106 1866 1258 1908 nutrix

375 1922 609 1983 Utrisque,
635 1919 804 1979 affeslm
830 1924 1091 1982 Antipathia
1118 1926 1245 1982 regit.

285 1985 328 2034 V
324 1982 446 2031 erbo.-
482 1987 563 2030 vix
579 1985 805 2047 quidquam
825 1997 917 2033 toto
935 1977 1055 2044 232th
1071 1987 1203 2047 dispar
1220 1989 1263 2033 in
1287 1986 1397 2036 Orbe
1415 2021 1429 2044 ‚

380 2050 550 2093 Horum
568 2046 751 2094 Natura}
779 2061 827 2093 tu
843 2051 1047 2095 variante
1065 2060 1216 2110 putes:

283 2113 345 2161 Et
366 2122 508 2156 tamen
539 2110 645 2158 hanc
666 2114 882 2169 geminam
909 2113 1062 2159 Mater
1083 2115 1204 2172 parit
1232 2115 1358 2162 unica
1373 2116 1556 2178 prolem,

348 2175 410 2221 Et
423 2174 563 2234 proles
579 2174 744 2234 prolem
760 2176 903 2234 gignit
923 2176 979 2222 &⁹
999 2174 1082 2235 ipsit
1093 2187 1260 2236 parem.

64 2260 304 2318 Profeffl)
337 2262 370 2311 fi
397 2264 665 2327 aenigmatis
697 2265 848 2314 virtus
870 2263 1164 2319 obscuritas,
1187 2282 1292 2316 non
1317 2265 1412 2325 est,
1436 2285 1524 2319 cur
1535 2258 1809 2338 Sphingem

65 2332 329 2391 vituperes,
377 2326 433 2375 Id
449 2324 664 2389 ingenue
682 2327 860 2381 fateor,
881 2326 1025 2390 quod
1046 2327 1080 2376 fi
1107 2343 1191 2377 me
1203 2331 1448 2382 Veterum
1473 2337 1706 2386 convivia
1723 2336 1816 2387 ho-

66 2393 242 2456 spitem
265 2390 446 2438 habere
474 2390 683 2445 vellent,
703 2393 753 2440 ὃς
773 2391 1052 2456 Oedipum,
1068 2390 1165 2441 falfi
1184 2396 1356 2457 poculi
1375 2395 1552 2447 haustu
1572 2400 1807 2463 ignoran-

66 2460 187 2506 tiam
212 2454 449 2502 deberem
478 2452 641 2508 luere,
660 2466 809 2516 atque
841 2455 1022 2504 eluere.
1106 2459 1262 2504 MEL:
1348 2460 1733 2516 Democritum,
1755 2465 1806 2513 <Sc

66 2517 380 2572 Heraclitum
399 2518 708 2584 repraesentat
726 2518 829 2568 hoe
848 2517 1166 2581 estypomvel
1183 2519 1220 2574 fi
1235 2524 1393 2576 mavis
1407 2523 1551 2584 Rzficm
1565 2525 1805 2574 &fletum

907 2582 946 2632 E
970 2596 998 2631 e
1562 2588 1748 2641 Utrius-
