2177 2905
105 120 108 122 ·
496 154 502 158 -
631 95 870 144 Academia
898 96 1147 146 Brutorum}
1602 104 1694 156 127

17 164 114 216 xit:
145 162 317 212 Milvus
333 162 377 210 in
400 160 502 210 Coelo
522 163 719 219 cognovit
735 171 898 220 tempus
912 160 1057 216 suum:
1095 170 1269 210 turtur,
1292 161 1348 209 &
1375 156 1553 209 hirundo
1568 193 1581 214 ‚
1608 162 1667 208 (φ
1697 159 1757 205 02.

18 231 139 282 conia
160 226 439 282 custodierunt
465 234 627 283 tempus
651 222 858 270 adventas
869 222 953 280 siti.
1019 223 1200 276 Dedit,
1222 223 1452 288 Princeps
1470 221 1760 275 Hussiticus,

19 291 144 341 dum
166 289 228 340 de
251 304 386 353 equo
406 287 782 353 pronunciavit,
812 285 919 349 quad
945 287 1094 346 procul
1122 287 1320 333 odoretur
1345 286 1519 333 bellum:
1567 289 1617 335 in
1646 300 1756 348 quae
1791 304 2005 357 39‚v‚25,·

16 354 171 404 verba
192 352 400 403 Pineda:
434 349 538 398 hoe
554 348 712 412 ipsum
732 347 964 414 profesto
983 345 1244 410 est,'quod
1271 349 1453 399 Plinius
1471 351 1558 400 ait:
1588 348 1758 410 praefen-

18 420 135 465 tiunt
147 427 361 478 pugnam,
383 425 494 461 turn
514 414 665 460 etiam
695 427 870 477 pugnae
893 409 1163 461 successum
1177 445 1190 466 ,
1211 410 1262 461 id
1283 412 1428 474 quod
1459 428 1568 462 non
1589 412 1757 477 paucis

20 479 256 543 exemplis
279 473 350 525 est
372 472 852 540 compertiffimumt
887 473 952 524 sic
979 473 1177 525 Caesaris
1206 479 1322 537 equi
1347 488 1537 541 paratas
1565 477 1617 524 in
1639 489 1758 524 eum

16 537 307 608 praesensere
326 535 864 600 infidias,futur;imque
892 552 1088 594 necem,
1109 533 1678 602 pertinaciabstinentii,
1705 538 1756 586 δε

19 603 161 668 quod
184 604 372 651 mireris
389 635 401 656 ,
424 602 572 649 etiam
597 600 824 663 lacrymis
843 597 1150 650 indiciarum:
1186 600 1250 649 sic
1269 603 1551 666 Principem
1575 601 1759 651 Valen-

9 670 287 733 tiniaiiuni,
307 665 461 730 pridie
479 662 632 726 quiim
653 665 830 728 periret
847 696 859 717 ,
886 664 1149 712 consuetus
1183 681 1292 714 non
1317 664 1511 714 admisit
1530 666 1758 728 Sonipes,

17 729 102 778 sed
119 742 291 794 praeter
309 743 511 778 morem
535 727 807 780 ferociens,
833 727 1000 774 ereClis
1026 729 1177 775 etiam
1204 728 1414 791 pedibus
1435 729 1614 792 repulit
1638 727 1762 775 indi-

19 805 275 857 gnantem.
375 791 612 853 Denique
642 790 692 840 ὅ(
720 790 809 838 suo
844 789 1041 838 calculo
1074 789 1175 838 hoc
1202 789 1523 840 confirmavit
1545 791 1612 839 D.
1634 790 1763 838 Am-

20 855 238 906 brofius:
264 854 400 911 fiilent
427 854 650 905 vultures,
671 855 834 914 inquit,
860 865 1041 899 mortem
1062 853 1241 899 hominis
1273 852 1514 917 quibufiiam
1537 853 1664 912 fignie
1688 868 1762 898 an-

21 921 244 965 nunciare:
282 917 375 963 etim
404 917 513 962 enim
548 913 820 974 lacrymabile
849 914 998 960 bellum
1026 919 1136 961 acies
1167 920 1281 963 inter
1301 917 1347 973 se
1369 916 1601 970 instruunt,
1628 914 1762 962 multo
1791 932 1822 978 l·
1841 943 1883 988 ς.
1909 929 2006 975 hex,

20 982 217 1028 vultures
249 979 483 1041 sequuntur
509 979 698 1036 agmine,
753 973 880 1039 edque
908 977 1175 1035 fignificant‚
1240 980 1350 1041 quiid
1376 981 1516 1026 multa
1548 981 1764 1026 hominum

22 1044 251 1091 multitudo
286 1077 299 1092 ‚
337 1041 439 1088 bello
492 1040 633 1096 cajitra
663 1039 722 1098 fit
743 1072 754 1091 ,
823 1037 979 1097 fittnra
1028 1041 1167 1100 praeda
1215 1042 1477 1090 vulturibus.
1577 1042 1675 1091 Sed
1713 1042 1766 1090 il-

18 1106 105 1155 lud
137 1121 264 1170 pene
295 1104 485 1169 superat
515 1101 696 1154 fidem,
729 1102 871 1163 quod
908 1101 1007 1150 fide
1040 1102 1340 1166 dignissimus
1374 1104 1765 1169 Philologorum

19 1171 252 1232 Princeps
267 1201 280 1221 ,
301 1165 466 1225 Justus
488 1165 674 1228 Lipfius
688 1198 700 1219 ,
725 1164 873 1212 refert
894 1165 955 1212 de
984 1181 1130 1219 cane,
1152 1182 1305 1229 quem
1331 1164 1609 1225 justiniano
1630 1169 1764 1216 Prin-

22 1235 130 1297 cipe
148 1230 340 1285 Bisantii
360 1232 409 1278 in
432 1229 689 1293 publicum
715 1228 949 1292 produxit
974 1228 1165 1293 Agyrta
1180 1247 1193 1282 3
1229 1230 1310 1279 hic
1332 1230 1484 1279 annul
1557 1263 1569 1284 ‚
1594 1229 1621 1279 ὲ.
1642 1246 1766 1280 con-

20 1295 207 1345 fluente
230 1293 424 1358 populo
445 1295 495 1340 in
517 1307 754 1341 acervum
778 1287 1072 1354 congestos,
1093 1291 1294 1349 jubente
1314 1293 1514 1342 Domin
1557 1296 1767 1356 ‚cuique

21 1357 167 1407 suum
182 1353 410 1406 restituit:
432 1355 618 1404 eodem
644 1366 909 1416 quaerente,
931 1357 1135 1417 quinam
1158 1356 1309 1409 dives,
1331 1361 1415 1419 qui
1441 1373 1766 1420 pauper‚quae

22 1424 192 1485 virgo,
215 1435 324 1482 quae
347 1419 511 1471 vidua,
533 1417 740 1480 lingulas
761 1415 1002 1480 prebens&
1025 1415 1154 1466 veste
1178 1420 1415 1468 divinavit
1428 1421 1608 1483 Augur
1631 1418 1763 1471 adeo

22 1483 164 1536 felix,
189 1496 243 1530 ut
263 1480 385 1531 loco
408 1481 661 1545 Apollinis
684 1479 916 1541 Delphici
941 1496 1076 1534 eum,
1104 1480 1137 1529 fi
1162 1481 1375 1534 vidifl'et,
1400 1483 1644 1533 adoriiss'et
1660 1483 1767 1532 An-

20 1548 234 1609 tiquitaS.
333 1544 461 1594 Illud
482 1543 697 1604 denique
720 1543 971 1593 Miraculo
989 1547 1208 1609 propius,
1229 1546 1371 1608 quod
1390 1546 1452 1594 de
1470 1547 1624 1597 Simia
1643 1547 1770 1596 Ben-

23 1607 230 1674 galenfi‚
251 1605 527 1658 Posteritati
563 1606 791 1654 relietum
824 1607 1048 1668 legimus.
1150 1608 1418 1657 Admirata
1448 1606 1516 1657 est
1551 1610 1651 1666 ejus
1672 1611 1770 1659 Ar-

22 1684 128 1721 tem
145 1671 498 1734 divinatoriam
518 1667 836 1732 Mogorenfis
862 1669 1021 1722 Aula,
1046 1669 1169 1719 dum
1195 1673 1438 1721 annulum
1459 1674 1695 1737 Regium,
1716 1675 1770 1722 in

21 1734 130 1785 finu
158 1734 369 1785 ludentis
395 1732 584 1797 parvuli
606 1731 738 1780 ellim
765 1732 1045 1796 depolitum
1063 1759 1076 1786 ,
1096 1733 1122 1782 ἐι
1143 1735 1297 1783 Simia
1322 1751 1443 1784 mox
1476 1738 1767 1791 inventurn,

23 1796 256 1860 Regique
274 1793 551 1844 restitutum
566 1795 701 1844 vidit.
770 1795 867 1843 Sed
891 1808 1009 1844 tunc
1034 1792 1234 1860 stupore
1254 1814 1381 1863 pene
1404 1798 1768 1863 obriguit,dum

25 1855 271 1922 congestis
300 1862 350 1906 in
376 1860 565 1908 Urnam
596 1861 843 1905 variarum
880 1859 1248 1919 Legislatorum
1279 1862 1595 1915 nominibus,
1615 1864 1769 1911 Simia

26 1922 277 1980 juberetur
303 1921 430 1967 illius
455 1933 651 1966 nomen
686 1919 881 1981 seligere
902 1952 914 1969 ,
942 1922 1025 1980 qui
1054 1921 1217 1983 legem
1251 1925 1486 1971 omnium
1517 1927 1767 1988 optimam

26 1989 78 2035 in
102 1983 242 2037 Orbe
263 1980 455 2029 tuliffet.
525 1980 610 2030 Illa
632 1983 840 2045 quippe,
865 1981 987 2029 dum
1015 1981 1179 2031 modo
1201 1984 1474 2033 extraheret
1495 1982 1766 2037 Mahomess

26 2050 114 2100 tis,
135 2042 298 2094 modo
334 2045 574 2108 Lycurgi,
594 2058 729 2091 nune
755 2044 901 2092 Carni
931 2045 1221 2108 Japonenfis
1245 2080 1257 2101 ,
1301 2064 1435 2097 nunc
1469 2048 1668 2100 Humoi
1697 2052 1767 2100 Si-

26 2108 186 2159 nenfis
202 2106 535 2157 Nomothctae
556 2107 794 2171 probrosa
810 2140 821 2161 ,
850 2105 1156 2172 Mundoque
1188 2108 1395 2160 infausta
1427 2116 1635 2162 nomina
1653 2147 1666 2167 ,
1691 2115 1766 2163 ol-

1785 233 1891 294 Job.
1919 249 1956 281 e.

1787 363 1818 411 l.
1827 365 1870 413 8.
1880 372 2001 417 c.42.

1787 487 1897 549 Lnfi

1788 550 1902 612 epzst.
1918 549 1973 595 ad

1792 616 1911 673 Belg.

1790 690 1898 727 cent.
1919 687 1962 732 30

1792 754 1858 802 ep.

2047 362 2069 377 s

1792 799 1984 854 Affiian.
2060 803 2068 810 “

1796 881 1869 926 30.

1793 1007 1924 1052 c.23.

27 2173 161 2223 factu
188 2171 436 2233 explorata
457 2185 576 2218 mox
602 2170 834 2220 laceravit
853 2171 1138 2235 indignans:
1175 2174 1365 2237 Moysis
1389 2176 1634 2225 israelitici
1657 2178 1764 2226 Du—
1814 2213 1816 2215 -

27 2237 95 2285 cis
114 2234 397 2283 schedulam
431 2233 596 2288 rejecit
617 2231 974 2282 solummodo:
1014 2235 1158 2284 solius
1182 2235 1362 2286 Christi
1381 2255 1604 2291 nomen,
1628 2243 1765 2290 miris

28 2295 240 2364 gestibus
266 2296 515 2349 adoravit,
542 2291 763 2358 laetisque
787 2298 1005 2362 tripudiis
1036 2295 1366 2350 Christianam
1389 2302 1552 2366 legem
1583 2304 1766 2367 profess

30 2363 76 2412 sa
98 2358 165 2409 est
187 2361 454 2424 optimam,
469 2355 778 2422 Christumq5
791 2362 1155 2425 Legislatorum
1168 2363 1528 2428 Legislatorem
1541 2367 1762 2418 DEUM.

29 2423 290 2484 Ejusmodi
316 2420 612 2487 Prophetas,
631 2422 664 2471 fi
695 2424 854 2488 plures
887 2425 1038 2472 aleret
1070 2422 1236 2474 nostra
1257 2428 1487 2493 Religio,
1510 2445 1617 2478 non
1645 2430 1767 2478 indi-

28 2500 167 2555 geret
178 2482 457 2560 Apostoli5‚
480 2497 532 2534 ut
553 2501 640 2552 per
653 2487 850 2538 Orbem
869 2500 1037 2538 totum
1058 2487 1199 2542 brevi
1217 2495 1458 2558 temporis
1479 2493 1631 2558 spatio
1655 2508 1770 2556 pro-

1565 2570 1708 2620 paga-
