2177 2905
148 79 229 139 “,,
323 72 327 73 ’
519 47 525 51 ’
688 61 966 154 λυῖῑρωιφενα
985 78 1137 138 Jove.
1682 88 1749 145 45-

0 180 3 197 ²
51 173 170 237 jugis
181 173 292 235 flata
307 169 645 224 demonstrat:
662 173 855 224 ‘oetava
866 172 1048 234 superna
1064 184 1209 233 porta,
1229 173 1378 220 mortis
1399 172 1583 239 praebet
1600 172 1806 222 indicia:

58 254 201 288 nona
222 237 614 287 DAEUsdenotat
638 237 927 296 Religionem:
974 235 1171 285 decima
1187 269 1200 290 ,
1224 251 1334 299 quae
1366 239 1550 284 medium
1575 237 1695 288 celi,
1723 251 1810 285 au-

96 314 264 352 uratur
281 302 472 360 Regnum
485 332 499 354 ,
517 310 645 361 atque
667 298 836 358 Officia:
873 298 1142 349 undecima
1161 297 1290 346 homes
1308 303 1483 347 Daemon
1496 335 1510 352 ,
1541 301 1723 349 amicos,
1748 299 1808 346 ἐν

57 317 276 424 ῗεηεβιέῖα
294 363 508 413 divinat:
546 362 850 412 duodecima
867 362 1110 426 denique,
1136 378 1245 425 quae
1273 364 1380 409 mali
1407 366 1617 410 Daemonie
1641 363 1811 410 nomi·

61 444 129 478 ne
154 425 439 494 indigitatur
464 457 478 479 ‚
507 427 766 475 ominatur
795 423 1005 475 infausta
1031 440 1244 489 quaeque
1276 442 1488 480 carceres,
1510 428 1567 473 (y
1597 427 1809 473 inimicos.

65 493 221 538 MEL:
288 489 395 538 Cur
413 503 522 536 non
541 488 678 536 addis
707 489 1026 546 Planetarum
1055 489 1189 538 sexus
1217 488 1523 542 foemineos,
1545 490 1596 538 ὃς
1621 486 1813 536 mascu-

52 554 213 603 linos?
248 567 336 601 cur
363 549 662 600 oblivisceris
681 552 845 600 Status
869 552 1045 613 auctos
1061 585 1073 605 ,
1093 564 1244 614 atque
1269 548 1610 601 combustos?
1646 565 1734 599 cur
1754 565 1812 598 o-

54 617 211 666 mittis
227 613 472 679 passiones
487 646 501 667 ,
523 616 574 663 &
602 613 862 677 dignitates
877 647 890 668 ,
911 614 1091 677 gradus
1113 615 1330 679 puteales
1344 648 1356 669 ,
1380 618 1545 678 igneas
1565 614 1813 678 triplicita-

55 689 155 732 tes‚
180 690 439 742 carpenta,
462 677 728 740 almugaea,
757 675 891 741 figna
922 678 1135 740 reptilia,
1163 680 1213 727 &
1243 690 1451 726 centum
1479 677 1593 731 alias
1626 691 1812 730 voces,

57 739 226 796 multo
255 738 415 804 magis
439 739 724 793 horribiles,
744 743 898 801 quam
912 741 1161 788 Draconis
1194 753 1365 804 caput,
1396 743 1446 790 ὃ(
1478 739 1724 793 caudam,
1747 737 1813 786 de

56 804 236 866 quibus
258 800 537 866 Astrologi,
559 804 697 851 velut
723 802 784 850 de
809 801 1040 852 verissimi
1063 800 1276 851 monstri
1294 803 1527 868 partibus,
1549 800 1823 851 differunt?

56 882 201 930 nugae
222 868 493 928 nugarum!
532 867 640 926 quis
669 881 777 914 non
813 866 1003 930 palpat,
1033 865 1128 914 hos
1157 865 1456 914 architectos
1484 862 1601 915 raro
1637 865 1812 917 dorni,

57 930 184 978 dum
203 939 284 976 tot
302 930 471 975 inanes
490 927 679 976 domos
702 927 973 976 aedificant?
997 931 1049 977 in.
1071 929 1161 978 suis
1185 928 1557 987 dodeeamorijs
1583 926 1678 976 effe
1696 942 1813 976 mo-

57 992 271 1055 rologos
289 1023 302 1043 ,
325 991 410 1052 qui
445 990 572 1045 juxta
605 989 736 1053 ideas
758 991 985 1038 Lunatici
1012 993 1205 1054 capitis,
1239 993 1363 1043 dum
1391 995 1442 1040 in
1471 991 1812 1040 fundamento

59 1059 213 1103 a'e'reo
238 1051 494 1101 machinas
517 1049 732 1105 struunt,
754 1049 990 1100 struendo
1011 1051 1298 1103 destruunt?
1333 1055 1414 1104 sed
1439 1070 1505 1103 ne
1521 1054 1672 1105 verba
1693 1068 1813 1102 ven-

60 1118 177 1166 dere
198 1116 368 1166 videar
382 1147 394 1168 ,
418 1117 607 1179 erigant
626 1115 795 1171 thema
815 1112 1034 1169 coeleste,
1056 1116 1301 1179 liquidem
1318 1117 1520 1181 poffimt
1540 1117 1642 1166 sine
1661 1115 1810 1165 soloe-

58 1179 216 1229 cismo
241 1176 541 1227 dissensionis
555 1211 568 1232 ,
588 1190 692 1227 tam
715 1179 767 1226 in
789 1177 1070 1227 domorum
1089 1177 1299 1234 fabrica,
1320 1179 1475 1242 quam
1495 1177 1812 1244 significatio-

58 1259 123 1292 ne
139 1258 153 1294 3
188 1243 402 1306 erigant,
430 1244 668 1303 inquam,
687 1238 952 1304 globoque
973 1242 1036 1289 ad
1057 1243 1373 1292 latitudinem
1402 1245 1574 1292 natalis
1597 1243 1688 1292 soli
1719 1238 1811 1291 sta-

58 1318 193 1358 tuto,
208 1305 336 1354 Solis
359 1305 534 1354 locum
553 1304 851 1357 meridiano,
876 1305 1122 1353 horarum
1145 1306 1365 1354 indicem
1388 1306 1705 1357 duodecimae
1727 1321 1811 1368 ap-

56 1369 271 1433 plicent:
308 1369 672 1431 circumagatur
690 1367 896 1431 globus,
918 1370 968 1417 ὅ(
996 1366 1178 1416 horam
1204 1371 1486 1418 Nativitatis
1517 1367 1698 1418 ‘notam
1727 1369 1811 1417 de-

57 1427 338 1487 monstret:
386 1428 450 1478 sic
479 1429 646 1478 erecto
679 1442 935 1492 utcunque
966 1429 1261 1496 horoscopo
1293 1464 1306 1486 ,
1335 1432 1518 1481 arrosas
1552 1431 1811 1481 extrahant

58 1493 442 1558 ephemeridum
470 1492 658 1541 tabulas
679 1527 692 1543 ,
726 1495 776 1542 ὃς
810 1491 1062 1543 exsufflato
1092 1495 1298 1559 pulvere
1323 1507 1529 1560 crepent
1559 1495 1808 1546 Oracula:

58 1556 183 1621 quid
203 1555 477 1620 reponam?
512 1556 718 1605 unicum
752 1556 1045 1605 verbulum:
1083 1572 1172 1606 cur
1199 1557 1431 1622 neg-lecto
1460 1559 1812 1624 conceptionis

56 1631 333 1670 momento
349 1651 362 1672 ,
387 1619 468 1667 cui
492 1630 662 1666 tamen
684 1614 834 1667 Astra
858 1619 957 1676 jam
991 1616 1133 1682 aeque
1155 1620 1406 1671 dominari
1426 1621 1665 1675 afferunt,
1687 1622 1812 1670 nati-

57 1684 217 1731 vitatis
244 1681 506 1729 exordium
527 1696 622 1744 pro
648 1682 881 1737 Vaticinii
907 1680 1104 1746 epocha
1126 1680 1373 1733 statuunt?
1409 1699 1472 1734 an
1491 1682 1691 1734 exortus
1715 1686 1810 1747 pri-

23 1755 27 1757 “
55 1747 127 1794 mi
150 1757 503 1796 momentum,
534 1742 896 1793 Mathematica
929 1746 1165 1795 libratum
1196 1746 1381 1797 trutina
1402 1779 1415 1802 2
1457 1746 1485 1797 ὲ
1514 1749 1805 1798 Parentibus

53 1809 344 1859 autumant?
381 1822 444 1854 an
462 1803 756 1864 Astrolabijs
784 1819 981 1856 tantum
1007 1808 1123 1857 fidei
1151 1811 1401 1864 tribuunt,
1427 1824 1481 1860 ut
1506 1827 1570 1860 ne
1599 1812 1804 1860 minuto

53 1871 262 1934 quidem
292 1868 320 1918 a
347 1870 481 1917 vitali
510 1867 709 1916 infantis
734 1870 907 1917 limine
938 1871 1163 1919 aberrare
1191 1873 1236 1920 se
1271 1873 1505 1922 credant?
1549 1874 1706 1936 qualis
1736 1885 1805 1923 ta-

51 1947 188 1992 men‘
205 1947 343 1980 error
361 1931 395 1979 fi
421 1930 721 1984 intercedat,
741 1929 859 1995 pro!
896 1935 1092 1994 quantis
1120 1949 1228 1982 non
1257 1936 1545 1985 milliaribus
1563 1936 1803 1987 horizon·

52 2008 104 2044 te
123 1996 342 2060 superior
372 1994 548 2042 evadet
575 1989 735 2047 stella,
770 2009 924 2056 quam
951 1996 1019 2043 illi
1045 1995 1423 2053 ascendentem,
1443 2015 1500 2048 ac
1535 1999 1700 2052 velut,
1726 2015 1802 2048 re-

53 2054 171 2110 cens
194 2060 245 2106 in
268 2058 435 2106 lucem
460 2058 577 2104 editi
598 2054 1037 2106 characteristicam
1060 2064 1380 2124 nuncupant?
1433 2061 1566 2124 quasi
1588 2060 1712 2111 vero
1732 2064 1802 2112 Si·
1860 2072 1863 2073 ’
1890 2064 1893 2067 ’

55 2122 146 2169 dus
163 2122 216 2167 in
233 2120 512 2174 meridiano
546 2132 666 2168 tunc
687 2120 932 2183 positum,
953 2122 1094 2170 radio
1119 2124 1206 2171 suo
1227 2124 1473 2174 infantem
1495 2124 1701 2174 debilius
1733 2126 1803 2174 fe-

54 2184 198 2233 riret?
233 2184 407 2246 apage!
443 2195 546 2230 tam
568 2181 851 2240 hebesnon
875 2180 942 2231 est
965 2184 1323 2250 Philosophus,
1346 2200 1400 2236 ut
1429 2204 1584 2252 nugas
1611 2188 1796 2239 credat.

182 2246 379 2295 LEUC:
445 2241 587 2298 Esto,
611 2257 714 2294 tam
740 2258 1023 2296 accuratam
1046 2250 1097 2296 in
1115 2260 1347 2314 tempore
1378 2251 1693 2301 observando
1725 2255 1800 2301 in-

56 2304 292 2358 dustriam
311 2307 378 2378 sat
395 2306 577 2357 habere
598 2307 919 2358 difficultatis:
950 2313 1058 2373 quis
1073 2323 1244 2360 tamen
1266 2314 1397 2362 dicet
1419 2314 1799 2379 chymaericam?
1862 2326 1880 2339 s

53 2387 151 2438 pro
170 2370 257 2419 illo
279 2372 424 2434 igitur
445 2383 716 2420 momento
737 2388 845 2420 non
867 2374 957 2421 erit
984 2375 1163 2423 nullius
1183 2379 1435 2426 momenti
1463 2377 1796 2441 horoscopus,

54 2436 209 2483 MEL:
280 2433 454 2482 Grallis
478 2434 666 2505 indiget
692 2433 797 2483 haec
817 2435 1027 2498 sequela,
1046 2453 1164 2486 nam
1184 2439 1443 2490 claudicat.
1520 2439 1799 2497 Esto,illos‚

31 2497 122 2572 gad
151 2511 396 2563 unguem,
414 2498 677 2565 natiritatis
713 2497 1167 2622 tempusfsignaffes
1203 2499 1337 2569 esto,
1359 2502 1798 2624 estavangiidselb

978 2575 1007 2628 i
1618 2581 1677 2624 οι
1700 2581 1739 2622 is
