2177 2905
102 2179 158 2228 In
171 2175 283 2233 Hist-

105 2241 224 2294 flor.

419 74 508 131 166
984 83 1204 146 Speculum
1232 82 1467 147 Physicum.

350 179 617 244 Principis,
649 175 837 227 Virum
874 173 991 225 alias
1026 179 1077 225 in
1107 174 1441 242 Pythagorica
1470 172 1679 242 palestra
1715 174 1783 226 sat
1810 178 2112 243 probatum,

348 244 498 294 Aulae
518 242 663 295 dolo,
677 240 742 290 sic
765 241 959 306 poculis
980 240 1025 290 se
1043 240 1297 304 proluisse,
1318 253 1373 289 ut
1392 256 1537 289 mero
1555 243 1867 290 innatantem
1887 242 2111 309 linguam

347 308 399 356 in
417 303 661 372 potestate
685 304 897 369 amplius
917 319 1027 353 non
1045 306 1266 357 haberet,
1281 304 1363 353 led
1385 302 1678 359 ediffereret,
1692 306 1773 354 vel
1797 302 2016 356 maxime
2039 322 2112 356 re-

350 370 565 419 ticenda.
666 368 970 417 Prudentior
992 371 1138 417 Zeno
1159 366 1516 432 Philosophus,
1546 368 1664 417 cum
1691 364 1805 432 post
1834 369 2002 434 epulas
2032 385 2115 419 ro-

347 444 546 499 garetur
566 432 628 481 ab
653 432 864 486 AulieiS,
881 431 1002 494 quid
1024 434 1152 496 Regi
1179 432 1242 479 de
1270 446 1334 480 eo
1353 430 1622 480 referrent?
1658 433 1773 479 aliud
1797 433 1929 484 nihil,
1951 432 2114 482 aiebat

351 496 479 560 quam
504 494 577 555 effe
593 500 741 542 Senem
761 496 973 545 Athenis,
996 498 1069 557 qui
1089 499 1204 541 inter
1225 496 1380 555 pocula
1392 494 1519 552 fidere
1538 495 1675 541 (Eiret.
1776 497 1893 553 Jam
1913 494 1949 544 fi
1974 508 2112 546 tanta

346 563 420 609 vis
448 562 572 610 vino
603 556 697 614 est,
717 570 772 607 ut
795 558 1000 607 inducat
1019 559 1264 612 laetitiam,
1285 557 1465 607 secreta
1489 558 1775 623 expiscetur,
1801 559 2113 614 affe&us,diu

348 621 676 685 multumque
705 621 1065 687 vigiliratione
1097 623 1344 677 domitos,
1370 624 1421 671 in
1450 625 1676 686 apricum
1707 622 1981 687 producat,
2005 639 2114 673 ma·-

347 690 424 745 jor
447 689 537 736 erit
554 686 1057 750 temperamento‚ad
1080 685 1282 757 affeetus
1297 687 1528 759 proprios
1552 686 1846 736 inclinandi:
1885 683 1955 734 est
1974 687 2112 736 enim

307 807 313 811 p
347 754 472 800 vino
498 754 546 800 ὃ(
567 752 871 822 applicatum
893 747 1051 815 magis
1066 784 1077 805 ‚
1100 754 1150 801 ὃς
1172 766 1376 806 malorts
1399 746 1555 813 longe
1584 752 1793 799 virtutis.
1892 750 2022 799 Illud
2044 763 2113 799 ta·

345 831 467 864 men
492 827 540 862 te
560 826 821 862 monitum
843 815 1087 878 pervelim
1102 847 1114 869 ‚
1141 829 1226 862 me
1248 814 1310 863 de
1331 813 1679 862 affeffionibus
1698 814 1867 878 loqui,
1894 817 1980 876 qui
2002 830 2113 863 non

344 891 452 927 tam
476 878 739 926 eliciuntur
754 913 765 929 ,
791 876 950 940 quam
974 876 1137 927 subito
1168 877 1454 926 elabuntur:
1492 875 1739 938 siquidem
1768 877 1927 931 astus,
1951 880 2036 940 qui
2060 879 2112 925 li-

346 943 474 991 bero
499 941 699 990 subsunt
714 942 996 992 ‚voluntatis
1016 943 1232 1006 imperio
1249 973 1262 994 ,
1284 940 1655 1003 complexionis
1676 954 1786 988 non
1808 940 2001 1004 semper
2024 940 2113 990 fidi

347 1006 458 1056 sunt
480 1006 859 1069 Exploratores:
896 1005 1115 1059 videbis,
1138 1017 1194 1053 ut
1218 1002 1539 1053 efferveseant
1562 1004 1715 1051 etiam
1741 1005 1903 1066 aquei,
1922 1001 2110 1069 igneiq3

344 1070 409 1119 ad
434 1070 769 1118 contumelias
793 1068 1053 1118 mitescant
1068 1102 1080 1121 ‚
1102 1070 1166 1117 ita
1188 1080 1377 1119 tamen,
1402 1080 1457 1116 ut
1479 1067 1558 1116 vel
1582 1082 1639 1115 ex
1664 1068 1831 1116 modo
1854 1083 1963 1116 non
1986 1067 2110 1118 diffi-

345 1134 504 1182 culter
543 1133 806 1189 conjicias,
826 1134 965 1185 liram
995 1132 1318 1198 phlegmatici
1346 1130 1607 1181 adscitam,
1639 1131 1880 1180 cholerici
1913 1144 2110 1181 natura-

342 1198 464 1249 lem.
567 1198 835 1260 Denique‚“
858 1209 912 1244 ut
932 1195 1079 1245 filum
1102 1197 1310 1246 tandem
1344 1194 1574 1244 discursui
1599 1210 1835 1259 rumpam
1854 1228 1867 1249 ,
1898 1196 2107 1249 affiones,

343 1259 567 1320 mortisque
597 1264 804 1320 corpora,
826 1261 944 1323 quia
976 1275 1098 1309 curn
1137 1259 1416 1309 afflonibus
1441 1259 1623 1312 animi,
1656 1259 1867 1308 naturali
1907 1259 2105 1309 foedere

344 1323 629 1383 conjuneti,
652 1326 772 1389 saepe
793 1322 960 1389 saepius
991 1325 1289 1389 temperiem
1314 1322 1566 1387 produnt,
1586 1318 1806 1371 maxime
1835 1321 1870 1372 fi
1903 1325 2110 1374 rationis

342 1390 618 1454 imperium
643 1400 954 1454 praevertant.
1056 1386 1366 1436 Scintillabat
1388 1386 1573 1439 oeulis,
1632 1384 1910 1450 enibusque
1930 1386 2110 1437 tituba-

343 1453 431 1503 bat
454 1447 744 1501 monstrum
775 1451 899 1500 illud
930 1451 1182 1502 hominis,
1215 1450 1440 1508 Julianus
1469 1448 1614 1513 Apol
1640 1462 1740 1500 ata,
1771 1452 1821 1500 δε
1851 1450 1932 1500 vel
1959 1449 2107 1505 ideo,

345 1516 512 1568 adhue
533 1517 562 1574 J
568 1516 740 1566 uvenis
755 1547 768 1568 ‚
785 1527 985 1564 metum
996 1515 1128 1564 Viris
1152 1512 1322 1566 sanetis
1341 1510 1553 1567 inculsit,
1567 1510 1778 1564 minime
1799 1515 2020 1569 inanem,
2036 1512 2109 1565 uti

346 1576 780 1631 demonstraverat
804 1591 1028 1630 eventus.

470 1644 669 1694 LEUC:
740 1642 975 1706 Ignosce,
994 1641 1030 1691 si
1051 1640 1196 1691 filum
1217 1640 1473 1705 abrumpis
1487 1673 1499 1693 ‚
1520 1639 1726 1690 dimittis
1747 1642 1991 1692 invitum:
2037 1641 2108 1693 di-

342 1704 533 1758 scursus
558 1706 827 1756 dulcedine
846 1703 1038 1755 irritasti
1064 1700 1587 1760 orexinmonlatiasti.
1657 1706 1830 1770 Perge,
1855 1708 1905 1756 ὅ(
1925 1721 2034 1770 quae
2053 1708 2105 1756 in

343 1787 526 1837 genere
549 1770 815 1826 haetenus,
841 1768 1146 1819 enucleatius
1168 1784 1253 1833 per
1282 1781 1443 1834 partes
1471 1768 1797 1834 prosequere:
1833 1770 2106 1825 recreabis,

343 1846 543 1885 certum
564 1847 614 1883 te
634 1833 815 1888 velim,
836 1849 946 1882 non
977 1833 1220 1897 fatigabis,
1290 1834 1445 1879 MEL:
1516 1830 1707 1882 Frustra
1728 1848 1803 1881 es:
1849 1834 2026 1882 malim
2057 1847 2108 1883 te

342 1898 581 1953 avidum,
604 1896 759 1961 quam
785 1897 1038 1946 satiatum:
1077 1896 1140 1945 lic
1165 1896 1345 1946 redibis
1368 1895 1636 1945 lubentius.
1724 1893 1932 1946 Hastam
1953 1897 2020 1947 sat
2037 1897 2108 1948 fa.-

343 1965 569 2027 tigatam‚
584 1977 705 2010 cum
717 1960 916 2011 Pallade
940 1960 1292 2010 inclinabimus
1316 1960 1555 2025 paulisper
1574 1959 1759 2014 arbori,
1773 1961 1961 2010 somno
1983 1961 2109 2011 dum

343 2025 694 2091 indulgemus3
722 2027 774 2073 in
799 2026 992 2078 vivum,
1019 2023 1365 2087 floridumque
1391 2039 1601 2088 germen
1621 2023 1882 2074 excrevisse
1900 2027 2106 2081 interea,

343 2090 512 2139 licebit
533 2087 739 2138 forsitan
761 2103 864 2137 cras
885 2087 1135 2137 admirari.
1235 2089 1510 2153 Speculum
1539 2087 1799 2152 physicum
1821 2088 1921 2145 jam
1942 2090 2105 2139 inver-

343 2166 401 2202 to
416 2187 430 2208 ‚
450 2153 586 2203 aliud
605 2152 693 2201 tibi
717 2149 883 2201 offero
898 2152 1264 2206 Florentinum,
1280 2152 1424 2217 quod
1445 2149 1538 2199 effe
1558 2151 1745 2201 librum
1763 2148 1967 2202 testatur
1985 2154 2105 2203 Bru-
2128 2205 2129 2214 ¹

345 2217 617 2277 tuS‚Speculi
635 2217 849 2265 nomine
873 2215 1206 2280 appellatum,
1229 2212 1294 2264 eo
1315 2214 1457 2277 quod
1482 2215 1787 2279 Reipublicae
1808 2214 1914 2264 asta
1936 2218 2104 2281 praeci-

347 2296 446 2345 pua
457 2276 787 2330 Posterorum
806 2280 967 2329 oculis
987 2279 1255 2328 exhiberet.
1324 2277 1474 2327 Liber
1496 2277 1577 2327 hic
1592 2281 1802 2340 speculum
1823 2281 1993 2343 loquens
2007 2277 2102 2331 est:

345 2344 491 2405 illum
514 2345 699 2407 aperiet
724 2343 997 2406 aliquando
1028 2341 1328 2392 conscientia
1353 2344 1577 2406 propria:
1616 2342 1854 2405 loquetur
1881 2343 1985 2393 hoc
2005 2344 2103 2409 spe-

347 2408 548 2459 culum,
569 2407 752 2454 tacebit
773 2406 910 2457 nihil.
981 2406 1176 2457 Habete
1196 2407 1484 2471 patientiam
1508 2405 1898 2471 Physiognomi‚
1917 2407 2103 2458 satiabi-

346 2483 428 2520 tur
447 2467 700 2518 curiositas
720 2466 894 2518 vestra.
916 2496 923 2500 -
963 2471 1083 2519 Hoc
1101 2468 1374 2542 aliquando
1395 2468 1652 2533 speculum
1669 2470 1925 2535 inspicietis
1938 2503 1951 2525 ‚
1975 2473 2026 2521 ὃς
2048 2474 2101 2522 in

350 2543 626 2585 momento
647 2533 802 2584 unico
833 2531 1062 2586 videbitis
1090 2544 1291 2589 omma:
1324 2531 1464 2585 hunc
1496 2534 1810 2588 conscientia:
1829 2534 2014 2649 Ebu-¹3¹
2047 2537 2100 2585 in

1935 2613 1951 2648 ι
2004 2613 2037 2648 u
