2222 2905
668 96 941 159 Maufhlaeum
972 91 1334 161 ffierspateticum:
1372 82 1377 89 ’
1773 101 1806 159 ἵ

101 198 157 252 in
175 194 412 250 desideria
432 194 615 246 cordis,
713 195 777 246 Et
803 196 924 260 quid
962 199 1178 251 mirum,
1208 194 1245 244 fl
1265 228 1284 250 ,-
1307 186 1538 243 Ducibus
1555 186 1868 261 ‘vertiginem

100 261 275 330 pastis,
291 258 544 312 &asseclae
557 293 570 315 ,
590 257 779 308 eodem
804 275 862 309 ex
880 262 1155 359 praecipitio
1175 253 1413 310 corruere
1426 287 1442 312 ,
1464 251 1528 306 eo
1551 250 1873 321 profundius,-

104 323 217 390 quo
236 338 403 374 caecos
426 324 544 372 caeci
566 322 718 372 secuti
741 322 852 372 sunt
873 322 1021 373 altius
1034 363 1044 372 .
1388 363 1402 374 .

233 387 431 438 LEUC:
483 384 814 450 Philosophiae
839 387 1077 436 Patricios
1096 380 1398 438 nominasti:
1432 382 1622 432 horum
1639 379 1674 429 fi
1695 381 1749 429 in
1772 380 1877 444 epi-⁴

107 465 255 502 tome
273 450 556 515 pleniorem
574 450 811 497 notitiam
833 449 1041 505 dederis,
1066 450 1156 500 tibi
1175 451 1379 512 antiqua
1398 445 1603 495 forsitan
1616 477 1629 499 ,
1646 458 1785 493 nova
1802 441 1873 491 af-

105 516 233 565 feres
251 514 436 577 tyroni.
504 514 663 560 MEL:
697 511 874 561 lubens
893 512 1148 562 assentior:
1187 510 1256 560 est
1276 513 1413 560 enim
1426 506 1737 571 Philosopho
1760 521 1879 569 pro-

106 576 311 628 brosum
329 609 341 629 ,
368 575 480 624 suos
499 577 746 638 Principes
767 574 801 622 li
824 577 1049 640 ignoret,
1072 591 1203 638 quos
1230 574 1264 622 fi
1291 571 1457 622 minus
1481 571 1691 622 imitari,
1718 569 1875 617 admi-

104 643 199 689 rari
220 642 272 687 in
295 639 518 703 plurimis
535 639 736 703 poterit.
838 642 1111 687 Zenonem
1138 639 1398 702 Cytticum
1430 635 1625 699 Cyprus
1655 632 1792 681 dedit
1821 633 1875 679 in

104 703 302 756 lucem,
326 714 378 750 ut
404 701 655 759 majorem
678 700 742 750 ab
763 700 851 749 illo
870 702 1039 750 lucem
1059 703 1305 765 acciperet
1323 699 1545 750 Graecia,
1566 695 1700 744 orbis
1721 695 1876 759 splen-

102 766 303 817 dorem.
372 766 432 813 In
452 764 736 813 infortunio
760 766 951 814 invenit
970 766 1262 813 fortunam:
1314 777 1436 810 nam
1464 759 1648 809 infeli-ci
1677 758 1878 806 naufra-

140 832 194 879 io
215 823 345 879 adeo
381 827 588 876 feliciter
615 828 667 876 in
686 828 900 876 Piraeum
931 828 1110 886 ejeetus
1139 823 1232 880 est,
1255 838 1312 875 ut
1337 827 1353 873 i
1390 824 1435 872 se
1457 821 1736 873 furentibus
1764 820 1875 869 Au·-

103 843 237 948 fitis,
260 886 541 953 Nereoque
567 889 827 954 faedifrago
848 906 958 940 non
979 891 1130 940 semel
1148 888 1348 938 euchari
1393 889 1513 936 icon
1540 895 1766 933 caneret:
1809 883 1874 932 ab

107 955 321 1006 oraculo
340 953 425 1003 ubi
443 955 658 1017 pretium
682 955 869 1002 coloris
889 954 1056 1019 pallidi
1078 953 1272 1006 didicit,
1295 952 1440 1000 illum
1459 965 1569 999 non
1594 946 1621 996 a
1639 947 1874 1001 Libitina,

108 1019 191 1069 sed
211 1019 359 1067 doda
380 1016 584 1067 Pallade
606 1013 770 1065 statuit
789 1029 1020 1066 mutuare
1044 1034 1057 1069 3
1091 1016 1210 1065 hinc
1232 1015 1317 1065 ubi
1351 1017 1404 1063 in
1423 1010 1717 1063 evolvendis
1738 1025 1877 1058 mor-

111 1093 322 1131 tuorum
343 1080 554 1143 eloquijs
576 1110 594 1135 ,λ
627 1080 823 1143 aliquot
843 1080 943 1129 olei
965 1080 1235 1144 amphoras
1255 1075 1552 1129 combussit,
1580 1074 1878 1125 Bonorum

108 1160 259 1195 more
276 1146 348 1193 im
385 1144 536 1192 alluit.
607 1144 814 1192 Cratem
831 1144 913 1191 ille
932 1143 1163 1206 sequutus
1175 1143 1307 1191 Disci
1346 1133 1874 1200 ulus,moxeDiscipu›-

105 1208 162 1257 lo
186 1209 344 1272 Magil
371 1222 439 1260 er,
465 1205 493 1253 a
513 1206 725 1254 Cleante
741 1238 754 1258 ,
776 1204 1022 1271 Cryfippo
1049 1238 1063 1259 ,
1099 1202 1276 1267 aliisqu
1331 1204 1413 1252 sua
1434 1202 1558 1252 vidit
1577 1200 1771 1250 adorari
1794 1213 1879 1248 ve-

108 1267 263 1334 stigia.
330 1271 463 1319 Hinc
488 1264 580 1323 est,
617 1265 761 1330 quod
779 1270 966 1332 primus
990 1269 1291 1320 Stoicorum
1311 1266 1462 1316 8ectae
1497 1266 1695 1313 initium
1711 1296 1724 1317 ,
1753 1262 1879 1311 Stoa

108 1330 237 1383 vero
270 1331 453 1396 (quod
475 1332 730 1395 porticum
751 1329 974 1387 indicat)
1003 1345 1200 1379 nomen
1222 1329 1428 1383 dederit,
1450 1327 1570 1376 cnm
1591 1341 1701 1375 non
1720 1324 1808 1374 nisi
1824 1327 1878 1374 in

110 1398 312 1460 porticu
333 1429 346 1449 ,
383 1394 536 1444 veluti
558 1393 714 1457 digno
738 1394 916 1441 Stoi-cis
939 1388 1222 1446 Athaeneo,
1247 1392 1447 1457 Sophus
1478 1391 1559 1439 hic
1593 1389 1876 1454 disputaret.

108 1457 440 1521 Philosophiae
462 1457 640 1505 Stoica:
662 1455 901 1504 fabricam
923 1456 1026 1504 hoc
1046 1453 1269 1504 stabilisse
1296 1457 1473 1520 legitur
1501 1453 1838 1502 fundamento
1860 1485 1873 1506 ‚

108 1519 254 1586 quod
277 1520 566 1568 felicitatem
588 1518 868 1567 humanam
888 1521 940 1567 in
962 1522 1065 1570 vita
1085 1515 1317 1569 statueret
1332 1552 1345 1573 ,
1374 1534 1483 1581 quae
1511 1517 1574 1565 ad
1596 1515 1874 1564 dietaminis

108 1582 367 1638 amuffim,
404 1586 455 1633 ὅ(
475 1583 680 1631 rationis
706 1583 865 1645 leges,
894 1595 1080 1631 naturae
1103 1581 1244 1647 supra
1268 1582 1500 1631 animalia
1524 1581 1724 1629 clevatae
1751 1593 1875 1627 con-

109 1648 342 1697 formiter
367 1648 657 1710 exigeretur.
736 1647 798 1694 Et
825 1642 940 1695 sane
970 1645 1195 1694 doctrina
1224 1644 1351 1696 haec,
1373 1644 1473 1693 sive
1505 1644 1588 1693 sua
1618 1644 1876 1695 novitate,

107 1709 209 1761 five
232 1705 491 1759 honestate
513 1708 577 1757 fic
598 1708 859 1773 discipulos
879 1711 1064 1773 rapuit,
1101 1722 1155 1757 ut
1179 1710 1231 1757 in
1250 1704 1474 1773 Magistri
1502 1706 1654 1757 verba
1678 1720 1787 1754 non
1804 1705 1874 1762 ju-

107 1785 273 1823 rarent
294 1769 488 1825 modo,
522 1772 606 1820 scd
627 1775 676 1821 &
706 1773 887 1820 virtute
910 1771 1004 1820 hac
1033 1773 1233 1826 Stoica,
1264 1773 1392 1820 inter
1417 1771 1625 1821 furentis
1653 1768 1871 1818 fortunae

107 1836 321 1886 ludibria
343 1836 535 1889 felices,
556 1836 684 1882 inter
713 1846 1095 1888 tormentorum
1118 1851 1143 1883 e
1185 1835 1361 1884 uuleos
1389 1831 1772 1899 propemodum
1800 1834 1873 1880 in-

104 1899 376 1953 sensibiles,
412 1897 447 1947 fi
469 1913 579 1946 non
609 1895 762 1946 effent
780 1928 795 1952 ,
829 1898 1002 1949 saltem
1030 1896 1123 1946 effe
1174 1913 1201 1946 e
1223 1891 1871 1958 dicerent,crederentque.

104 1963 169 2014 Et
187 1962 333 2027 quod
351 1963 542 2011 mireris
556 1994 569 2015 ,
598 1976 708 2010 non
729 1960 816 2009 nifi
845 1963 1054 2010 unicum
1077 1964 1227 2011 Zeno
1250 1959 1510 2010 admiserat
1534 1961 1652 2009 DEI
1674 1974 1873 2008 nomen

105 2029 159 2077 &
184 2027 398 2076 Numen
426 2058 446 2080 ,-
476 2025 697 2090 plurium
730 2026 903 2079 titulis,
941 2026 1085 2073 unius
1120 2022 1335 2073 afferens
1366 2021 1606 2088 designari
1647 2026 1871 2073 virtutes.

105 2088 435 2138 Dialecticam
458 2103 634 2153 pugno
649 2120 662 2141 ,
686 2089 934 2152 explicatae
965 2089 1142 2137 manui
1165 2087 1498 2137 Rhetoricam
1527 2085 1872 2151 comparabat.

107 2151 461 2205 Adolescenti,
498 2150 553 2199 ut
584 2150 736 2199 habet
755 2153 935 2200 vitium
954 2152 1103 2199 aetatis
1118 2185 1130 2205 ,
1150 2151 1292 2216 plura
1313 2150 1666 2204 deblateranti-,
1695 2148 1769 2197 his
1788 2150 1871 2198 ille

108 2214 376 2278 pessulum:
428 2227 584 2260 natura
598 2216 789 2273 geminas
809 2213 893 2260 tibi
920 2230 1068 2264 aures,
1090 2231 1135 2259 os
1156 2231 1288 2260 unam
1307 2212 1543 2265 attribuit,-
1558 2214 1688 2273 plura
1715 2226 1765 2259 m
1795 2229 1869 2258 au-

105 2278 218 2328 dias,
244 2276 371 2341 qudm
394 2278 598 2339 loquaris,
697 2278 798 2325 Pro
819 2290 956 2341 parte
977 2277 1201 2325 Scientiae
1222 2270 1763 2342 spsuitstgnorantiam
1785 2291 1870 2326 eo-

107 2353 248 2393 rum,
271 2355 379 2402 quae
409 2340 512 2389 sciri
530 2355 640 2388 non
666 2340 877 2396 debent,
901 2355 995 2388 nec
1024 2340 1204 2388 utiliter
1221 2337 1436 2404 poffunt.
1505 2341 1641 2389 Bene
1658 2340 1872 2401 loqueri-

107 2414 207 2454 tes,
227 2401 308 2450 scd
329 2400 460 2453 male
486 2405 706 2454 viventes
729 2402 1084 2453 Alexandrinae
1106 2412 1487 2468 comparaverat
1507 2415 1745 2456 monetae,
1760 2417 1871 2465 quae

104 2464 318 2513 artificio
334 2465 488 2521 bella,
511 2468 721 2516 metallo
746 2467 918 2532 spuria.
996 2467 1241 2518 Modicum,
1261 2466 1546 2529 inquiebat,
1562 2465 1664 2526 ssepe
1685 2482 1764 2511 non
1782 2482 1868 2512 mo>-

107 2529 246 2585 aeffcam
264 2529 340 2580 dat
362 2532 481 2590 operi
491 2528 816 2593 perflationem.
881 2531 1110 2587 Veniam
1134 2563 1149 2593 ,
1183 2529 1304 2589 furti
1331 2543 1503 2591 reum,
1527 2544 1646 2584 cum
1674 2524 1869 2639 casttiga-

1711 2606 1763 2641 Ie
1794 2624 1813 2645 y
