2177 2905
411 60 504 118 184
642 39 647 50 Κ
1022 54 1169 102 Mami
1198 52 1411 110 Fenestra,

344 149 621 201 excrescere
645 154 920 211 nequeunt.
990 146 1216 212 Copiosa
1239 149 1291 196 in
1310 156 1490 195 mento
1513 143 1647 211 sylva
1664 144 1843 196 caloris
1862 157 2013 213 atque
2032 145 2112 201 fu.-

341 216 503 278 liginis
521 212 708 278 praebet
729 211 989 261 indicium.
1059 212 1262 265 Matura
1282 210 1515 264 calidam,
1533 211 1635 259 sera
1659 221 2012 274 temperatam,
2026 215 2110 265 vel

347 276 582 341 frigidam
608 273 792 327 indolis
812 276 1016 324 Zonam
1036 273 1402 327 demonstrant.
1506 273 1645 323 Colli
1674 272 1903 324 craffities
1931 288 2103 327 tauros

345 337 566 388 ostendit
592 339 750 387 fortes
775 340 825 391 ,ὃς
848 337 1131 391 animosos:
1168 339 1380 386 tenuitas
1404 338 1641 399 ignavos,
1664 334 1979 402 timidosque
2004 356 2108 390 cer-

345 418 458 452 vos.
496 403 680 452 Cervix
705 397 909 466 angusta
931 404 981 451 ὃς
1005 401 1167 450 brevis
1188 401 1460 465 apoplexiae
1485 396 1554 448 est
1575 401 1883 465 prodroma:
1907 402 2109 453 humeri

347 467 449 521 lati,
468 461 696 530 magniq5
716 465 872 514 fortes
902 463 1105 512 firmant
1135 476 1285 527 atque
1319 460 1571 512 robustos.
1657 464 1831 529 Adeps
1852 481 1963 514 non
1986 482 2114 516 nun-

349 545 506 593 quam
536 526 670 577 testis'
697 525 767 582 est
802 529 1080 592 pinquioris
1102 529 1375 583 Minervae,
1401 528 1670 591 egentioris
1701 530 1914 583 macies,
1932 542 2113 594 utpote

351 596 432 643 cui
454 590 569 642 raro
592 590 1073 644 fumantteetorum
1096 591 1344 640 culmina:
1382 606 1504 638 nam
1537 589 1624 638 nisi
1652 590 1804 646 fallit,
1826 590 2115 656 falliturque

351 657 572 706 Galenus
595 657 828 719 Princeps
843 688 854 709 ,
878 653 1087 703 delicata
1110 657 1238 708 vita,
1257 666 1722 718 temperamentum
1742 657 1923 703 irrorat
1952 655 2112 705 effuso

349 719 598 774 humore,
627 720 815 773 tenuiS‚
835 713 1109 780 multoque
1134 714 1342 766 distenta
1369 717 1563 772 labore,
1583 734 1671 782 per
1695 717 1968 767 siccitatem
1990 735 2115 769 con-

352 781 557 848 stringit.
626 785 760 832 Hinc
784 781 972 830 eodem
991 781 1171 845 judice
1188 814 1201 835 ,
1226 781 1376 844 quibus
1399 780 1587 827 abundat
1611 782 1855 832 humidum,
1878 781 2112 846 quibiisque

99 880 149 929 T
168 880 276 939 Qu]
352 850 452 899 vita
479 857 736 913 temperata,
757 847 814 894 ἄν
836 846 987 896 otium,
1009 847 1369 909 promontoria
1398 840 1542 892 facile
1577 843 1857 892 dilatantur.
1957 846 2117 894 ,Caete-

95 896 165 1004 fi'
177 948 185 955 .
275 907 295 916 ”
353 910 470 961 rum
491 926 610 959 caro
627 943 640 964 ,
665 911 818 963 cutis,
840 911 890 958 ὅ(
915 908 1055 957 calor
1083 920 1191 955 tam
1222 908 1507 969 laevigatum
1532 903 1979 969 Phyfiognomistis
2005 909 2115 961 sunt

118 963 198 994 Μ’
353 975 638 1040 speculum,
668 984 723 1022 ut
754 971 987 1021 Auctore
1025 971 1253 1021 Fernelio
1277 1003 1290 1026 ,
1314 972 1444 1027 Jblius
1471 973 1578 1015 cutis
1609 969 1803 1016 'contafiha
1837 967 1998 1026 (adde
2022 987 2107 1020 co-

354 1039 475 1088 loris
505 1033 745 1101 aspestu)
781 1037 910 1082 liceat
943 1036 992 1080 de
1015 1033 1200 1092 universi
1238 1039 1424 1095 corporis
1449 1045 1784 1092 temperamento
1812 1036 2110 1093 pronuntiare.

350 1100 762 1152 Fundamentum
797 1095 866 1151 est
904 1096 1036 1146 πᾶα
1061 1096 1347 1152 humorum
1378 1098 1631 1146 connexio
1657 1130 1670 1150 ,
1703 1094 1937 1161 mutudq5
1966 1113 2111 1151 eom-

352 1165 634 1214 munieatio
659 1162 985 1225 qualitatum,
1002 1175 1104 1223 qua
1134 1162 1271 1212 suam
1290 1161 1589 1226 temperiem
1607 1175 1693 1223 per
1716 1176 1929 1224 vapores
1953 1162 2003 1210 &
2027 1161 2113 1225 spi-

355 1231 476 1278 ritus
517 1242 626 1276 non
654 1223 768 1278 raro
797 1223 1057 1280 exsudant:
1112 1223 1174 1273 ad
1204 1225 1415 1274 oculum
1445 1238 1519 1278 res
1558 1234 1693 1288 patet
1724 1225 1772 1271 in
1800 1224 1955 1274 iratis,
1987 1223 2114 1279 dum

358 1290 715 1357 expallescunt3
740 1291 791 1343 in
816 1286 1059 1341 confusis,
1081 1287 1206 1336 dum
1233 1288 1554 1338 erubescunt3
1575 1289 1627 1334 in
1646 1287 1865 1337 lenibus,
1892 1286 2017 1335 dum
2038 1302 2115 1335 ca·

356 1355 588 1405 nescunt:
625 1353 743 1402 hinc
772 1351 972 1400 curioso
1003 1353 1154 1399 aetatis
1185 1347 1365 1399 nostrae
1388 1349 1701 1412 Philosopho
1731 1350 1879 1398 color
1905 1350 2115 1414 pallidus

359 1420 553 1483 semper
570 1416 834 1466 illaudatus
847 1448 860 1470 ,
883 1416 998 1477 quia
1016 1416 1176 1478 arguit
1194 1413 1566 1465 humiditatem,
1589 1409 1759 1475 estque
1780 1415 2023 1478 proprius,
2036 1413 2119 1463 vel

360 1481 801 1533 effoeminatorum
823 1511 837 1534 ,
865 1479 948 1529 vel
974 1477 1331 1527 foeminarum:
1370 1479 1617 1541 originem
1654 1476 1802 1524 trahit
1841 1491 1897 1524 ex
1929 1479 2115 1541 pituitae

359 1548 510 1611 eopia
525 1578 538 1600 ,
562 1543 806 1608 sanguinis
825 1542 1089 1595 inanitate,
1110 1543 1163 1591 ὅ(
1185 1542 1431 1605 paucitate
1457 1541 1739 1604 spirituum:
1779 1537 1997 1602 qnod,s1
2018 1541 2120 1604 pel-

360 1608 556 1659 lucidus
578 1607 650 1663 sit,
672 1610 721 1657 <Sc
747 1604 883 1668 quasi
901 1604 1181 1658 scintillans,
1205 1604 1311 1653 bilis
1336 1603 1579 1651 indicium
1603 1604 1711 1650 erit,
1813 1601 1988 1651 Fuscus
2005 1618 2115 1658 non

361 1686 629 1735 nunquam
652 1670 863 1718 denotat
883 1680 1042 1716 atram
1065 1667 1218 1716 bilem
1234 1700 1246 1722 ,
1272 1670 1322 1717 ὃς
1345 1679 1465 1715 tunc
1485 1666 1656 1730 prodit
1674 1665 2012 1719 timiditatem,
2033 1681 2120 1714 co-

361 1731 649 1797 mitemque
671 1733 952 1781 versutiam.
1021 1727 1214 1795 Qod,
1235 1729 1269 1779 fi
1290 1730 1656 1778 natales'rubrae
1680 1728 1895 1778 cholerae
1915 1729 2116 1784 debeat,

364 1799 589 1850 siccitatis
611 1800 663 1847 ὅ(
690 1796 868 1844 caloris
888 1791 956 1842 est
973 1794 1148 1842 index:
1186 1793 1303 1842 hine
1332 1793 1590 1858 spirituum
1624 1795 1770 1856 eopia
1800 1792 2117 1842 luculentum

366 1861 577 1927 ingenii,
605 1862 656 1910 ὅ(
678 1859 877 1907 audacis
898 1857 1162 1905 iracundiae
1183 1856 1405 1921 signum,
1440 1857 1570 1914 juxta
1600 1855 1721 1905 illud
1742 1857 1938 1907 Poetae:
1974 1858 2018 1901 in
2043 1873 2115 1902 ru-

365 1925 444 1974 brc‘z‘
457 1926 567 1986 pelle
589 1922 643 1978 est
665 1925 830 1969 animus
855 1923 954 1968 νανὸ
968 1919 1057 1978 fine
1067 1918 1184 1978 felle.
1253 1920 1461 1970 Rubeus
1480 1922 1654 1974 color,
1668 1917 1762 1985 nisi
1782 1934 1840 1966 ex
1864 1919 2120 1984 pulmoni-

366 1990 459 2039 bus
480 1987 851 2038 inflammetur,
874 1979 1038 2047 sitque
1065 1982 1284 2032 albedini
1320 1986 1528 2039 mixtus,
1551 1983 1850 2046 temperiem
1879 1981 2119 2037 denotat,

367 2052 611 2117 sanguinis
631 2049 898 2098 defoeccati
921 2046 1142 2095 radicem
1156 2064 1170 2100 3
1207 2046 1341 2096 unde
1367 2047 1547 2111 ingenii
1570 2045 1828 2099 subtilitas,
1851 2042 2117 2108 mortimqs

367 2116 590 2181 probitas
617 2111 884 2162 deseendit.
950 2111 1033 2160 Sic
1061 2126 1118 2158 ex
1139 2110 1383 2159 flammeo
1410 2112 1588 2158 maniae
1618 2109 1821 2157 sumunt
1853 2108 2115 2173 praeludia:

370 2195 429 2227 ex
450 2175 712 2226 maculoso
741 2174 999 2228 indolem,
1031 2174 1307 2238 pantherae,
1330 2172 1520 2238 tigridi,
1544 2168 1862 2234 stellionique
1886 2170 2121 2220 consimi-

369 2243 473 2290 lem
489 2274 502 2295 ,
526 2235 761 2302 adeoque
784 2235 966 2287 astutiae
987 2239 1235 2287 nutricem
1252 2270 1264 2292 ,
1285 2240 1336 2300 ὃς
1355 2238 1665 2300 genitricem.
1768 2236 1973 2284 Omitto
1997 2234 2117 2289 alia,
2147 2262 2150 2264 ·

370 2304 435 2353 de
464 2304 642 2366 quibus
674 2302 897 2351 discurrit
923 2299 1433 2365 Physiognomistieus
1456 2301 1638 2353 Vates,
1656 2297 1739 2348 sed.
1767 2313 1902 2352 non,
1931 2296 2019 2346 nisi
2044 2314 2116 2347 ra-

369 2370 513 2415 tione
535 2367 681 2414 Duce
695 2399 708 2419 ,
733 2368 783 2415 &
805 2364 1128 2429 Philosophia
1149 2365 1373 2423 Comite.
1474 2360 1750 2429 Quamvis,
1775 2374 1830 2410 ut
1849 2376 2027 2411 verum
2049 2360 2118 2409 fa-

373 2445 494 2484 tear,
509 2428 570 2477 de
596 2429 807 2492 singulis,
832 2444 941 2490 quae
964 2428 1065 2476 huc
1093 2427 1244 2490 usque
1265 2426 1413 2475 fusius
1428 2460 1440 2480 ,
1461 2439 1516 2474 tu
1540 2425 1567 2473 a
1586 2441 1671 2475 me
1690 2424 1846 2474 fidem
1865 2439 1930 2473 ne
1951 2420 2115 2489 postu-

372 2494 468 2550 les,
489 2492 767 2550 majorem‚
794 2490 949 2554 quam
986 2506 1083 2555 ego
1111 2492 1328 2542 tribuam
1345 2488 1640 2565 ‚quamque
1664 2489 1880 2540 tribuere
1897 2485 2118 2598 Pliilloso-

1940 2565 1973 2615 p
2011 2564 2048 2598 is

97 639 297 695 L.2.c.5.
